3100 4834
614 396 827 463 -19-

194 568 325 650 aliquid,
352 587 421 633 sum
445 568 709 649 „intellectueller
730 568 906 651 Urheber“,
936 569 966 634 in
990 587 1052 650 quo
1079 563 1248 650 βοόλευσις

197 662 342 752 ἀκουσία,
366 677 403 736 nt
425 690 524 754 supra
546 670 751 748 ostendimus,
782 672 917 753 cogitari
939 676 1055 755 potest,
1077 679 1150 737 aut:
1181 692 1246 736 mo-

198 775 291 854 ditor,
315 774 478 840 machinor
501 774 638 855 aliquam
662 793 738 852 rem,
768 775 852 840 sicut
878 769 1092 857 ἐπιβουλεόω,
1123 776 1153 839 in
1185 795 1247 857 quo

196 877 359 944 consilium
397 878 508 943 abesse
539 876 659 957 nequit.
692 913 728 920 —
762 877 908 942 Arcessit
935 877 1113 943 Passowins
1150 879 1246 942 otiam

196 978 341 1044 Platonis
364 980 447 1062 legg.
469 980 536 1056 IX„
567 980 722 1061 docetque
748 979 928 1062 ubicunque
957 979 1022 1046 illic
1044 973 1192 1066 αὐτόχειρ
1215 988 1248 1044 et

193 1078 371 1165 βουλεύσας
391 1088 662 1160 commemoretur,
684 1081 744 1146 hoc
760 1083 972 1147 revocandum
989 1101 1057 1147 esse
1076 1084 1117 1147 ad
1133 1083 1246 1149 8640:

195 1183 235 1250 τὸ
258 1183 319 1269 μὲν
341 1184 396 1250 deo}
419 1181 537 1268 βιαίων
558 1183 614 1250 καί
638 1184 813 1270 ξομφοινών
844 1180 999 1270 πράξεων
1023 1180 1248 1271 πραττόμενον

194 1282 425 1354 ἑκάστοτε...
443 1286 504 1354 .τὸ
527 1285 564 1352 δὲ
582 1285 665 1370 perol
689 1282 826 1364 σκότους
847 1284 903 1351 καί
924 1280 1055 1373 ἀπάτης
1076 1285 1248 1375 λαθραίως

193 1386 391 1475 γιγνόμενον,
414 1396 511 1473 atque
533 1389 612 1456 haec
635 1409 673 1454 ea
694 1391 766 1471 ipsa
788 1407 867 1471 esse,
890 1391 1046 1472 quaesibi
1064 1384 1247 1478 αὐτοχειρία

193 1500 229 1560 et
250 1489 419 1576 βοόλευσις
441 1490 620 1575 siguificare
643 1492 827 1571 videantur,
858 1494 1013 1559 rationem
1045 1494 1245 1560 manifestam

193 1615 255 1663 nec
285 1594 496 1662 manifestam.
544 1597 650 1679 Atque
681 1595 732 1659 hic
763 1595 851 1660 locus
880 1612 956 1660 sane
985 1597 1090 1677 prima
1119 1596 1247 1678 quidem

194 1699 302 1780 specie
331 1697 525 1763 Passowium
563 1698 717 1779 adjuvare
754 1698 892 1763 videtur,
945 1698 1007 1763 Sed
1035 1705 1073 1763 ut
1103 1699 1163 1763 hoc
1197 1699 1247 1764 vel

194 1801 331 1868 manime
362 1801 550 1877 concedam,
589 1801 746 1882 quomodo
783 1800 838 1864 illa
867 1801 1000 1881 partitio
1033 1802 1075 1866 ad
1105 1802 1247 1866 Platonis

194 1904 465 1970 enumerationem
488 1902 640 1967 scelernm
665 1901 833 1967 referenda
855 1903 912 1981 sit,
942 1901 992 1967 vel
1015 1920 1088 1966 num
1112 1905 1247 1982 omnino,

194 2025 309 2088 parum
331 2025 382 2071 rne
404 2005 596 2088 intellegere,
619 2014 724 2070 tamen
749 2005 791 2070 ad
813 2005 919 2070 omnia
940 2025 1057 2088 genera
1078 2025 1159 2088 quae
1174 2024 1247 2089 pro-

195 2109 262 2175 fert
283 2109 423 2174 revocari
446 2127 541 2191 posse
563 2107 641 2173 milri
664 2127 725 2172 non
752 2108 908 2174 videntur.
952 2107 1140 2190 Priusquam
1165 2110 1246 2174 enim

195 2211 290 2278 Plato
312 2212 355 2277 ad
377 2212 464 2294 ipsas
486 2212 573 2292 leges
596 2210 751 2293 capitales
773 2212 1013 2276 constituendas
1028 2212 1246 2292 adgrediatur,

195 2317 237 2382 de
267 2315 365 2380 animi
394 2314 637 2397 impulsionibus
668 2333 706 2379 ac
735 2314 914 2380 rationibus
944 2314 1093 2392 disserit,
1132 2316 1247 2398 quibus

195 2418 317 2484 scelera
339 2418 496 2483 committi
521 2418 653 2499 possint.
697 2417 827 2482 Peccari
858 2423 964 2483 autem
994 2436 1086 2498 posse
1116 2420 1164 2483 ait
1192 2423 1248 2483 aut

195 2513 311 2607 ἀγνοίᾳ
338 2527 396 2585 aut
425 2523 523 2606 θυμῷ
549 2528 607 2585 aut
636 2515 843 2602 ἐπιθυμίαις.
887 2519 936 2584 Ex
966 2520 1017 2584 his
1044 2521 1147 2585 tribus
1170 2522 1246 2586 rati-

196 2624 310 2689 onibus
333 2622 475 2687 ordinem
497 2621 625 2688 fluxisse
655 2632 808 2705 apparet,
840 2642 932 2704 quem
964 2623 995 2687 in
1025 2626 1247 2689 enumerandis

195 2726 368 2792 sceleribus
383 2727 536 2807 sequitur.
566 2727 699 2792 Tractat
713 2727 798 2792 enirn
816 2726 917 2793 8641)
928 2725 1061 2793 -866D
1077 2726 1247 2793 homicidia

195 2823 269 2893 ἀνευ
292 2823 450 2916 προνοίας
473 2829 650 2908 commissa,
683 2827 747 2894 866
755 2827 923 2894 1)-8690
945 2831 1043 2914 ἀυμιῖ
1070 2831 1246 2912 commissa,

193 2931 305 3011 (8690
328 2939 360 2997 et
383 2931 410 2995 D
433 2932 460 2995 si
484 2933 555 3013 quis
587 2951 621 2996 se
651 2930 823 2997 defendens
846 2935 959 3011 necat),
990 2931 1247 2998 soon-8730

194 3028 298 3120 φόνον
320 3028 475 3099 ἑκούσιον.
499 3035 518 3100 i.
542 3054 568 3100 e.
591 3030 789 3117 ἐπιθυμίαις
810 3035 1020 3101 commissum.
1063 3034 1113 3098 Ad
1136 3053 1247 3100 secun·

195 3137 273 3201 dum
297 3136 377 3201 illud
399 3155 507 3217 genus,
531 3132 650 3223 φόνους
671 3136 771 3223 θυμῷ
793 3132 974 3221 γεγονότας,
997 3142 1030 3200 et
1044 3137 1085 3202 ad
1109 3156 1162 3202 eos
1178 3140 1247 3218 qui-

195 3241 269 3304 dem
293 3240 512 3322 potissimum,
546 3257 624 3321 quos
646 3238 738 3303 Plato
760 3241 859 3323 θυμῷ
886 3236 955 3322 μὲν,
978 3230 1248 3324 ἀπροβουλεύτως

196 3337 235 3406 δέ
263 3339 332 3407 fieri
363 3342 472 3420 docet,
506 3341 572 3407 lere
600 3341 761 3423 pertinere
791 3341 1037 3407 existimaverim
1061 3343 1247 3425 casaclore,

196 3463 279 3527 quae
302 3463 340 3510 ex
361 3441 517 3526 Philippii
539 3444 697 3508 sententia
719 3443 853 3509 alteram
878 3436 977 3529 φόνου
1000 3434 1154 3510 ἀκουσίου
1176 3464 1247 3528 spe·

196 3545 278 3613 ciem
300 3544 450 3625 efficiunt,
473 3546 499 3610 si
523 3546 594 3628 quis
617 3552 718 3626 necat,
750 3547 797 3611 ita
820 3551 925 3612 tamen
950 3552 988 3611 ut
1009 3547 1175 3614 vulnerare
1197 3548 1247 3612 vel

195 3647 300 3713 simile
331 3650 410 3730 quid
441 3648 587 3714 voluerit.
638 3649 720 3713 Nam
752 3650 807 3731 qui
841 3642 1114 3736 ἀπροβουλεύτως
1149 3654 1248 3738 θυμῷ

195 3748 356 3831 interficit,
380 3751 591 3815 dubitandum
622 3757 671 3816 est
703 3757 811 3817 utrum
838 3750 1014 3819 interficere
1046 3755 1077 3818 in
1108 3754 1247 3819 animum

196 3853 359 3919 induxerit
381 3872 485 3919 necne.
530 3854 653 3919 Deinde
675 3855 783 3934 generi
814 3849 915 3940 φόνου
945 3846 1061 3941 ἀγνοίᾳ
1080 3851 1248 3939 γεγονότος

196 3957 437 4021 adnumeranda
459 3955 545 4022 haud
568 3956 664 4022 dubie
686 3964 760 4022 sunt
783 3964 851 4022 tum
867 3957 1038 4022 homicidia
1053 3958 1093 4023 ab
1110 3959 1149 4023 iis
1163 3978 1247 4024 oom-

197 4058 311 4140 missa,
341 4058 395 4139 qui
417 4060 532 4124 mentis
553 4078 630 4125 suae
661 4077 773 4140 parum
803 4065 964 4142 compotes
991 4067 1083 4142 sunt,
1111 4067 1178 4126 tum
1209 4083 1248 4127 ea

994 4169 1043 4231 2*
