3100 4834
718 419 931 486 -38-

299 589 409 655 leusc“
444 627 483 636 -
517 610 556 655 on
593 590 830 673 comprendrait
866 591 898 655 la
934 590 1017 655 suite
1054 589 1351 672 d'argumentation.

299 693 381 759 Mais
412 694 436 759 il
468 713 507 759 ne
538 692 614 759 s‘est
645 693 736 775 point
766 694 906 775 exprime
937 693 977 759 de
1007 693 1038 758 la
1068 698 1173 771 sorte,
1211 698 1244 758 et
1274 712 1351 758 nous

300 796 430 861 n’avons
453 815 513 879 pas
541 796 570 862 le
599 797 685 861 droit
715 797 754 861 de
783 796 976 878 substituer,
1007 814 1044 859 en
1076 796 1166 877 guise
1196 798 1236 862 de
1267 813 1351 861 com-

300 900 472 979 mentaire,
512 904 602 963 notre
634 918 751 981 propre
784 899 1019 964 raisonncment
1050 899 1070 964 a
1099 899 1179 966 celui
1217 898 1271 980 qui
1303 904 1352 964 est

300 1009 434 1079 contenu
456 1003 536 1067 dans
558 1002 588 1066 le
610 1003 727 1068 teate.“
773 1001 930 1085 Equidem
952 1008 1137 1069 accusatum
1162 1001 1240 1068 nihil
1263 1001 1351 1067 aliud

302 1105 406 1170 dicere
428 1104 531 1169 sentio
553 1123 647 1186 quam
670 1104 730 1169 hoc
753 1103 857 1187 ipsum
876 1106 959 1188 quod
975 1105 1153 1186 Wagenero
1169 1108 1230 1169 tion
1247 1105 1352 1170 dicere

301 1209 438 1272 videtur.
483 1207 568 1272 Satis
591 1213 697 1272 autem
721 1207 780 1273 hoc
803 1207 1028 1289 comprobatur
1051 1208 1172 1273 verbis:
1201 1202 1271 1271 ἔστι
1294 1203 1353 1290 μὲν

300 1307 362 1396 γοίρ
386 1306 463 1394 περὶ
484 1310 541 1372 τοῦ
563 1303 711 1374 τοιούτου
731 1304 793 1393 μία
816 1305 888 1396 δίκη
910 1308 989 1389 κτλ,
1020 1310 1208 1392 omninoque
1227 1311 1352 1390 ceteris,

302 1412 417 1494 quibus
448 1418 557 1478 orator
586 1412 729 1494 judicum
763 1413 951 1478 sententiam
984 1419 1016 1478 et
1048 1411 1288 1495 irreparabilem
1321 1419 1353 1476 et

303 1523 451 1582 accusato
474 1521 531 1580 aut
553 1515 648 1581 saluti
678 1523 736 1581 aut
765 1516 915 1597 perniciei
945 1516 976 1579 in
1008 1534 1100 1582 omne
1130 1520 1257 1598 tempus
1287 1512 1354 1579 fore

304 1620 513 1682 demonstrat.
558 1618 660 1697 Quam
693 1618 940 1699 disputationem
965 1618 1019 1701 (ἐξ
1041 1618 1141 1701 4-7)
1164 1636 1352 1701 quamquam

304 1722 479 1802 Wagenero
509 1722 646 1787 concedo
676 1720 707 1784 in
737 1740 782 1785 or.
806 1720 842 1785 V.
865 1721 907 1785 ad
937 1721 1129 1802 peculiarem
1160 1739 1275 1786 causae
1302 1740 1353 1785 ra-

302 1825 420 1889 tionem
445 1825 565 1906 optime
587 1822 781 1905 applicatam
804 1842 890 1905 esse,
921 1842 1017 1906 quum
1049 1842 1122 1888 reus
1151 1823 1204 1889 ille
1226 1841 1354 1888 accusa·

303 1933 389 1992 tores
418 1928 535 2009 injuste
566 1919 725 2014 ἀπαγωγῇ
755 1944 829 1991 usos
860 1945 929 1992 esse
959 1927 1057 2008 dicat,
1089 1933 1122 1991 et
1153 1944 1280 1991 causam
1312 1926 1354 1991 ad

303 2049 496 2113 areopagum
521 2027 637 2095 deferri
660 2037 693 2094 et
714 2028 858 2111 legitime
880 2029 1128 2112 diligentiusque
1156 2029 1188 2092 in
1215 2047 1284 2093 eam
1307 2028 1354 2093 iu-

304 2132 392 2217 quiri'
409 2133 495 2214 velit,
517 2134 765 2216 haudquaquam
789 2140 895 2197 tamen
918 2133 949 2196 in
973 2133 1034 2199 hac
1056 2134 1197 2198 oratioue
1213 2131 1353 2214 ineptam

303 2256 375 2303 esse
396 2236 484 2301 nullo
507 2237 634 2317 negotio
656 2233 869 2317 intellegetur.
893 2272 934 2281 —
956 2235 1063 2300 Verba
1085 2235 1123 2318 ἐξ
1145 2235 1247 2300 3-4;
1277 2226 1355 2320 αὕτη

305 2336 342 2404 δὲ
363 2334 409 2426 μή
429 2375 472 2385 -
494 2340 533 2427 τῇ
555 2332 646 2424 δίκη,
677 2344 712 2403 ut
743 2354 840 2418 supra
872 2337 1029 2425 diximus,
1060 2338 1156 2401 etiam
1188 2339 1219 2402 iu
1249 2356 1294 2402 nr.
1317 2337 1354 2404 V.

306 2444 325 2526 ξ
349 2443 390 2507 87
417 2441 575 2524 leguntur.
618 2440 818 2521 Quamquam
841 2439 906 2504 illic
928 2440 1038 2505 statim
1060 2449 1236 2522 sequuntur
1260 2439 1356 2506 verbe

307 2565 388 2628 quae
411 2564 456 2611 or.
480 2544 535 2608 VI.
558 2543 577 2625 ξ
598 2542 620 2607 5
642 2542 798 2608 continet:
828 2539 885 2607 καὶ
913 2535 1020 2620 οὐδείς
1041 2542 1109 2607 κτλ.
1134 2544 1276 2609 Blassius
1297 2540 1356 2622 igi·

307 2656 361 2712 tur
383 2647 428 2731 (p.
454 2645 529 2729 196)
551 2646 655 2712 locum
679 2663 875 2711 communem
907 2646 939 2710 in
967 2646 1023 2711 illa
1045 2647 1187 2712 oratione
1210 2648 1357 2711 decurta-

307 2756 376 2817 tum
398 2755 432 2814 et
454 2749 611 2814 concisum
635 2767 714 2829 esse,
744 2749 940 2830 Wagenerus
963 2755 1074 2814 contra
1094 2749 1180 2814 illam
1204 2767 1273 2814 esse
1304 2766 1358 2829 ge-

310 2853 437 2918 nuinam
460 2852 520 2916 loci
542 2850 675 2917 formam
696 2852 798 2932 docet,
820 2851 915 2933 huius
931 2871 1005 2917 vero
1020 2852 1173 2917 orationis
1187 2862 1359 2930 auctorem,

309 2975 405 3036 quum
428 2954 540 3022 verba:
570 2952 628 3019 καὶ
650 2949 806 3040 νόμῳ-
829 2946 1027 3041 ἀποστεροίη
1056 2956 1224 3037 insereret,
1254 2960 1286 3019 et
1309 2970 1359 3016 eo

311 3058 474 3140 gitationis
504 3058 646 3124 ordinem
678 3063 711 3123 et
741 3056 868 3124 dicendi
890 3058 1133 3123 concinnitatem
1155 3056 1360 3139 perturbasse

312 3179 349 3227 ac
371 3159 532 3227 delevisse.
569 3161 659 3238 Quod
683 3161 725 3226 ad
747 3160 947 3242 probandum
963 3177 1058 3240 quum
1077 3160 1269 3242 Wagenerus
1292 3176 1361 3223 sen-

313 3264 429 3328 tentias
450 3263 526 3328 has:
555 3256 676 3348 ἀνάγκη
703 3259 764 3350 γὰρ
798 3260 855 3327 ἐὰν
884 3256 977 3346 ὑμεῖς
1003 3258 1284 3348 καταψηφίσησθε
1304 3258 1362 3327 καὶ

312 3364 357 3454 μὴ
378 3360 458 3432 doce
480 3363 581 3452 φονέα
602 3365 677 3452 μηδ’
700 3361 811 3446 ἔνοχον
833 3367 880 3452 τῷ
909 3360 992 3451 ἔργῳ
1018 3369 1161 3452 χρῆσθαι
1191 3365 1230 3455 τῇ
1261 3361 1361 3452 δίκη

312 3467 371 3534 καὶ
391 3469 438 3555 τῷ
462 3462 590 3555 νόμην·
613 3467 671 3533 καὶ
692 3461 800 3545 οὐδεὶς
818 3461 858 3533 δν
873 3462 1062 3554 τολμήσειεν
1077 3463 1150 3533 οὔτε
1164 3465 1221 3555 τὴν
1242 3464 1363 3553 δίκην

314 3569 370 3660 τὴν
392 3569 624 3657 δεδικασμένην
657 3567 874 3656 παραβαίνειν
904 3566 1084 3648 πιστεύσας
1112 3567 1200 3657 αὑτῷ
1230 3565 1281 3636 ὅτι
1305 3563 1363 3635 οὐκ

314 3670 426 3754 ἔνοχός
448 3672 546 3754 ἐστιν,
570 3667 642 3739 οὔτε
665 3673 820 3755 ξανειδιδς
844 3668 931 3761 αὑτῷ
954 3676 1102 3739 τοιοῦτον
1124 3669 1218 3759 ἔργον
1231 3670 1362 3760 εἰργασ-

314 3775 402 3863 μένῳ
433 3775 478 3866 μὴ
512 3769 549 3842 οὗ
582 3780 727 3865 χρῆσθαι
759 3779 806 3864 τῷ
839 3771 980 3863 νόμηνιι
1017 3780 1064 3844 ita
1090 3797 1166 3870 ‘esse
1197 3778 1364 3845 concinnas

315 3882 473 3960 ostendat,
495 3889 531 3948 ut
546 3900 586 3946 ex
600 3881 714 3964 prioris
734 3880 838 3946 verbis
860 3880 899 3969 τη
920 3876 996 3967 δίκη
1017 3879 1135 3967 καὶτῷ
1154 3877 1242 3967 νόμῳ
1257 3886 1364 3964 poste-

316 3986 410 4052 rioris
441 3985 583 4050 membra
612 3983 870 4067 proficiscantur,
906 3985 985 4049 mihi
1015 4002 1139 4067 quoque
1167 3985 1234 4049 veri
1262 3983 1365 4049 simile

316 4087 353 4162 fit
374 4087 457 4162 hane
478 4088 538 4159 loci
560 4087 694 4159 formam
722 4088 859 4174 priorem
883 4086 994 4157 fuisse,
1034 4086 1235 4159 &uctoritas
1256 4093 1365 4153 autem
