3100 4834
703 354 894 421 ..g-

277 527 429 611 peculiari
465 529 550 608 apud
589 525 760 607 scriptores
796 527 954 591 Romanos
989 523 1171 589 recentioris
1209 521 1327 589 aetatis

278 632 384 714 obvio)
406 633 448 697 ad
471 629 675 695 homicidium
701 628 969 710 perpetrandum,
1000 628 1057 692 sed
1086 624 1251 691 consilinm
1274 645 1327 690 ne-

278 735 371 801 candi
394 730 559 816 significet.
603 730 674 808 Qua
696 731 736 796 de
765 749 862 796 causa
883 731 998 796 iterum
1030 730 1061 795 in
1091 728 1258 810 angustias
1279 729 1327 793 in-

278 839 448 904 duceretur
469 853 595 902 necesse
618 838 697 915 erat,
720 835 760 898 de
783 834 897 914 quibus
919 853 1001 900 nnnc
1023 833 1181 916 agendum
1204 835 1262 896 est.

343 939 439 1004 Multi
460 939 522 1003 viri
544 939 631 1004 docti
653 938 685 1003 in
707 956 745 1003 eo
767 937 980 1012 offenderunt,
1013 935 1097 1019 qnod
1127 940 1328 1001 accusatores

279 1042 452 1122 choragum
475 1034 669 1106 ἀποκτεῖναι
684 1035 849 1105 Atridarum
864 1034 1083 1122 βουλεύσαντα
1104 1034 1160 1103 τὸν
1181 1031 1328 1101 θάνατον

278 1145 312 1226 (ξ
336 1144 401 1228 16),
431 1163 468 1210 ac
496 1145 611 1210 deinde
638 1140 684 1230 μὴ
711 1140 747 1207 ἐκ
769 1137 930 1230 προνοίας
957 1140 1032 1228 μηδ’
1056 1139 1092 1206 ἐκ
1122 1137 1329 1225 παρασκευῆς

278 1243 433 1329 γενέσθαι
466 1243 522 1311 τὸν
551 1242 774 1332 dehonorari,
807 1240 905 1310 παιδί
932 1244 966 1328 (ξ
991 1244 1045 1328 19)
1079 1245 1198 1310 dicunt.
1245 1241 1328 1307 Nam

279 1367 432 1429 quaerere
454 1349 565 1429 solent,
599 1348 755 1431 quomodo
786 1348 937 1414 insidiose
966 1348 1085 1413 homini
1115 1364 1199 1411 mors
1221 1343 1329 1427 parari

279 1452 390 1534 possit,
420 1451 495 1534 quin
518 1453 577 1517 hoc
599 1456 687 1518 certo
710 1452 846 1533 quodam
870 1450 999 1516 oonsilio
1028 1448 1094 1515 fiat.
1138 1450 1252 1530 Itaque
1274 1447 1329 1513 alii

280 1554 377 1620 verba
407 1556 426 1638 ἓ
450 1557 490 1621 16
511 1552 560 1641 μὴ
580 1550 616 1617 ἐκ
638 1549 798 1637 προνοίας
828 1553 904 1640 μηδ’
935 1549 970 1617 ἐκ
1000 1555 1207 1641 παρασκευῆς
1236 1551 1330 1633 plane

279 1657 419 1723 absurda
440 1676 509 1723 esse
531 1662 722 1733 statuerunt,
744 1657 800 1722 alii
822 1657 885 1721 elio
907 1657 1001 1721 modo
1023 1654 1225 1737 interpretati
1245 1659 1327 1718 sunt.

280 1761 323 1826 Et
350 1761 512 1827 Dobreeus
551 1760 679 1843 quidem
716 1760 748 1824 in
779 1759 981 1825 Adversariis
1010 1779 1041 1841 p.
1070 1759 1130 1824 173
1160 1758 1204 1822 sic
1235 1755 1328 1821 dicit:

281 1863 359 1945 „Ita
381 1863 530 1929 ridentur
551 1863 764 1929 concilianda:
798 1862 934 1928 formula
965 1861 1134 1927 accusandi
1163 1859 1261 1926 fuisse
1282 1857 1329 1923 vi-

282 1969 376 2031 detur
397 1967 464 2032 vel:
487 1959 691 2043 απέκσεινεὸ
708 1965 800 2031 δεῖνα
815 1963 871 2030 τὸν
889 1964 982 2030 δεῖνα
1001 1962 1087 2052 χειρὶ
1107 1958 1325 2049 εἰργασμένος,

281 2070 331 2136 vel
354 2063 603 2151 -βουλεύσας,
636 2068 656 2133 i.
679 2089 705 2133 e.
740 2072 771 2148 1)
794 2087 889 2133 manu
913 2068 1048 2148 oceidit,
1078 2069 1111 2146 2)
1133 2067 1196 2131 alio
1219 2065 1330 2149 quovis

281 2173 383 2238 modo.
414 2173 518 2255 Igitur
540 2172 573 2236 in
595 2171 701 2237 libello
723 2172 920 2237 accusatorio
934 2169 1107 2254 βουλεῦσαι
1122 2168 1330 2233 criminaban-

282 2280 353 2353 tnr;
384 2275 416 2340 in
440 2274 583 2339 oratione
611 2291 686 2339 casu
715 2293 780 2339 rem
807 2273 969 2354 accidisse,
1000 2279 1032 2337 et
1061 2267 1162 2358 φόνου
1191 2271 1330 2353 quidem,

281 2378 338 2441 sed
367 2368 522 2441 ἀκουσίου
549 2395 637 2440 reum
669 2394 739 2442 esse
767 2375 1028 2440 contendebant.“
1073 2376 1275 2440 Maetznerus
1296 2372 1329 2435 in

281 2481 329 2545 ed.
354 2481 428 2545 Ant.
450 2498 480 2559 p.
496 2479 560 2544 260
582 2480 642 2543 sic:
666 2481 752 2558 „Aut
773 2479 967 2545 Boeehhinm
993 2497 1100 2543 verum
1123 2478 1241 2544 vidisse
1262 2482 1329 2542 sta-

281 2591 354 2648 tuas
376 2588 503 2664 oportet
524 2581 590 2663 (qui
612 2581 645 2646 in
667 2582 766 2646 Indio.
789 2579 876 2647 lectt.
900 2580 1002 2646 Berol.
1027 2581 1090 2646 hih.
1112 2578 1246 2663 1826l27
1262 2597 1293 2659 p.
1309 2577 1333 2643 7.

281 2690 481 2751 accusatores
503 2703 540 2750 eo
570 2689 715 2766 tempore
744 2685 935 2750 concessisse
964 2683 1145 2765 suspicatur
1175 2680 1330 2747 nefarium

283 2788 447 2854 eonsilium
471 2806 490 2852 a
512 2789 649 2869 chorago
672 2785 808 2868 afuisse,
840 2805 901 2869 quo
923 2788 953 2852 ei
983 2785 1178 2852 reconciliati
1200 2785 1330 2865 essent),

281 2896 339 2956 aut
367 2890 505 2975 maligna
532 2890 716 2969 verborum,
752 2908 833 2970 quae
866 2908 970 2955 eoram
999 2887 1162 2971 judicibus
1190 2887 1331 2952 fecerant

281 2995 465 3072 adversarii,
487 2993 751 3074 interpretatione
773 3011 865 3058 usum
889 3010 958 3057 esse
980 3010 1069 3056 reum
1092 2991 1253 3058 existimes
1276 3010 1330 3055 ne-

282 3116 369 3163 cesse
391 3099 470 3162 est.“

345 3200 509 3281 Ejusmodi
531 3205 693 3282 tamquam
723 3198 848 3283 refugia
870 3201 1027 3282 quaedam
1052 3205 1162 3281 petere
1184 3216 1245 3262 non
1263 3198 1330 3278 jam

281 3303 366 3393 licet,
392 3321 430 3367 ex
452 3320 514 3384 quo
535 3302 663 3384 Lipsius
686 3301 731 3385 (in
755 3306 837 3369 Ann.
859 3303 951 3368 Burs.
972 3305 1002 3369 2.
1025 3322 1055 3384 p.
1081 3302 1177 3384 1350)
1201 3301 1240 3366 de
1261 3299 1331 3381 lege

281 3406 337 3472 illa
358 3405 513 3469 Draconis
536 3404 695 3484 disseruit,
717 3424 798 3486 quae
815 3405 863 3470 Ol.
879 3408 931 3489 92,
946 3406 968 3470 4
984 3407 1078 3487 jussu
1099 3404 1207 3486 populi
1230 3401 1331 3485 lapidi

281 3509 390 3589 incisa,
406 3525 506 3587 nuper
524 3513 652 3588 reperta
668 3514 700 3573 et
715 3528 735 3572 a
749 3507 907 3573 Koehlero
923 3509 968 3590 (in
985 3508 1094 3572 Herm,
1110 3508 1141 3572 ΙΙ
1157 3526 1187 3588 p.
1197 3507 1237 3572 27
1247 3506 1331 3590 sqq.)

281 3609 500 3696 probabilibus
524 3612 713 3694 conjecturis
735 3610 883 3692 suppleta
905 3616 962 3676 est.
978 3610 1080 3674 Docet
1099 3605 1230 3675 enimin
1246 3608 1331 3673 illius

281 3716 361 3797 legis
382 3715 550 3781 verborum
574 3714 662 3797 (0.1.
683 3715 719 3778 Α.
743 3715 768 3793 I,
785 3715 823 3779 61
848 3712 869 3779 l.
886 3714 927 3778 10
936 3719 1032 3796 sqq.):
1055 3709 1111 3777 καὶ
1134 3709 1197 3795 idn
1221 3705 1330 3800 [μΙὴκ

197 3876 200 3883 ,
283 3813 487 3905 [π]ρονο[ιά]ς
518 3812 661 3902 [aldrino]
689 3812 741 3893 τίς
768 3839 841 3880 τινα
872 3813 999 3902 φεύγειν
1021 3810 1177 3895 δι]κα’ζειν
1199 3813 1236 3880 δὲ
1257 3812 1332 3892 τούς

281 3918 440 4004 βασιλέας
462 3914 580 4002 oiddi
585 3923 624 4000 [ν]
648 3914 771 4005 φόβου]
795 3913 815 4008 ἢ
844 3913 1052 4003 [βουλεύσεως
1074 3915 1131 3983 τὸν
1153 3910 1205 3982 ἀεὶ
1225 3921 1332 4001 βασι]-

283 4017 417 4095 λεύονοα
435 4043 442 4057 ·
460 4020 535 4108 τούς
551 4018 724 4113 [dispereo
740 4022 928 4113 dooyvloivoo
944 4021 1068 4111 lacuna,
1091 4025 1238 4109 quaeest
1258 4024 1332 4109 post
1398 4087 1402 4094 ,
