3100 4834
738 381 950 447 ..14-

317 553 584 637 quemadmodum
613 570 729 636 pueros
758 554 801 618 ad
830 553 960 619 chorum
989 551 1210 617 instruendum
1233 552 1372 635 coegerit

318 658 351 739 (ὅ
376 658 439 737 11).
476 656 545 723 Hoc
567 656 650 721 enim
673 654 740 721 loco
763 655 840 738 quid
863 662 895 721 et
917 654 1041 722 facilius
1063 660 1096 720 et
1119 655 1227 736 aptius
1248 655 1372 736 fuisset,

318 777 414 843 quam
437 777 509 824 eum
524 759 671 840 quamvis
687 757 828 824 breviter
842 759 1019 838 ostendere,
1043 778 1078 825 se
1093 777 1153 824 non
1170 759 1373 824 arcessivisse

318 879 463 944 puerum,
486 866 525 924 nt
540 862 715 942 quidquam
737 860 846 928 infesti
868 869 1048 941 conaretur,
1070 862 1126 928 sed
1149 862 1232 945 quod
1257 860 1373 927 Diodo

318 970 372 1029 tus
405 964 448 1028 ad
480 954 673 1030 cantandum
705 971 738 1029 et
774 964 958 1031 saltandum
995 964 1127 1030 idoneus
1163 969 1246 1030 esset
1277 964 1373 1030 visus.

319 1065 471 1132 Similiter
502 1067 533 1131 in
564 1067 707 1133 oratione
740 1067 780 1131 de
810 1068 897 1133 cacd.
927 1066 1003 1133 Her.
1026 1085 1101 1132 reus
1129 1066 1214 1131 inter
1242 1086 1374 1132 narran-

319 1171 405 1246 dum,
427 1187 489 1251 quo
511 1170 651 1252 quidque
673 1170 741 1236 loco
761 1171 869 1252 aptius
884 1169 1109 1253 praesumitur,
1132 1170 1192 1236 hoc
1207 1188 1374 1252 argumen-

320 1278 425 1350 tatur,
462 1273 547 1355 quod
579 1291 630 1338 res
660 1273 727 1338 sine
757 1273 860 1354 ipsius
892 1272 1022 1338 consilio
1052 1270 1167 1338 infesto
1200 1272 1375 1337 evenerint.

319 1374 389 1457 (cfr.
412 1376 441 1441 V
464 1374 502 1459 ἓξ
529 1376 589 1456 21,
621 1376 687 1457 24.)
738 1375 904 1456 Choragus
934 1382 1041 1441 autem
1076 1392 1172 1456 quum
1206 1374 1247 1438 de
1280 1372 1376 1439 choro

320 1483 429 1544 coacto
451 1478 548 1556 uicit,
578 1496 640 1543 non
670 1484 780 1544 narrat
811 1478 871 1543 nisi
902 1479 943 1543 de
973 1478 1129 1543 universis
1158 1477 1319 1543 chorentis
1344 1483 1377 1543 et

319 1600 416 1664 qnam
446 1579 572 1663 placide
607 1599 661 1647 eos
691 1580 852 1647 acciverit.
897 1581 989 1646 Alter
1019 1585 1053 1645 et
1084 1579 1300 1660 praestantior
1333 1580 1377 1645 ad

322 1684 603 1750 demonstrandum
629 1683 717 1750 locus
739 1691 788 1748 est
811 1684 830 1766 ξ
856 1686 913 1750 18;
944 1678 1056 1748 ὁπόσα
1086 1680 1147 1767 μὲν
1176 1680 1236 1769 γάρ
1266 1676 1378 1769 λάθρᾳ

320 1782 502 1870 πράττεται
534 1782 590 1850 καὶ
622 1783 682 1851 ἐπὶ
712 1781 850 1873 θανάτῳ
878 1784 1115 1870 βουλευθέντα,
1160 1776 1206 1851 ὧν
1238 1779 1284 1871 μή
1311 1779 1377 1849 εἰσι

319 1885 489 1977 μάρτυρες,
513 1880 634 1975 ἀνάγκη
656 1886 734 1974 περὶ
756 1892 821 1954 τῶν
841 1884 998 1954 τοιούτων
1019 1886 1056 1970 ἐξ
1072 1881 1178 1954 αὐτῶν
1192 1890 1257 1953 τῶν
1272 1882 1377 1972 λόγων

320 1996 384 2058 τῶν
406 2016 441 2057 τε
464 1991 521 2057 τοῦ
543 1986 722 2078 κατηγόρου
749 1989 806 2056 καὶ
835 1991 892 2056 τοῦ
922 1984 1184 2080 ἀποκρινομένου
1214 1989 1271 2079 τὴν
1301 1985 1377 2055 διά-

322 2116 442 2180 γνωσιν
463 2097 660 2176 ποιεῖσθαι,
692 2092 750 2159 καὶ
770 2089 920 2181 θηρεύειν
947 2092 1003 2160 καὶ
1033 2093 1091 2160 ἐπὶ
1122 2092 1261 2182 σμικρὸν
1292 2089 1379 2158 ὕπο-

323 2201 409 2265 νοεῖν
430 2197 471 2263 τὰ
494 2192 660 2282 λεγόμενα,
683 2194 738 2261 καὶ
756 2193 949 2276 εἰκάζοντας
967 2197 1092 2282 μᾶλλον
1105 2191 1126 2283 ’ἦ
1140 2193 1233 2284 σάφα
1250 2192 1380 2274 εἰδότας

323 2297 538 2389 ψηφίζεσθαι
577 2296 655 2386 περὶ
693 2299 759 2364 τῶν
791 2296 994 2386 πραγμάτων
1023 2300 1093 2366 κτλ.
1144 2301 1239 2366 Hunc
1266 2301 1379 2379 locum,

321 2410 482 2487 quatenus
513 2422 550 2468 eo
580 2403 620 2469 de
651 2403 789 2469 consiliis
819 2404 944 2486 agitur,
981 2422 1072 2470 nemo
1102 2422 1163 2469 non
1199 2404 1288 2470 videt
1318 2421 1379 2468 non

324 2508 417 2573 morlo
440 2505 519 2571 nihil
542 2504 572 2570 in
605 2505 665 2572 hac
693 2523 792 2572 causa
821 2505 957 2588 probare
988 2525 1089 2589 neque
1118 2506 1184 2572 ullo
1215 2507 1308 2573 modo
1337 2506 1381 2570 ed

322 2628 393 2675 eam
425 2611 580 2688 attinere,
614 2609 670 2674 sed
701 2609 799 2674 etiam
831 2608 968 2690 chorago
989 2628 1091 2690 paene
1112 2609 1301 2675 insolentiae
1322 2609 1380 2674 tri·

325 2713 485 2779 buendum
507 2730 587 2792 esse,
617 2711 645 2776 si
667 2729 739 2776 eum
763 2710 859 2777 ullius
881 2711 946 2776 doli
969 2711 1062 2791 mali,
1092 2729 1186 2793 quem
1209 2713 1304 2777 hodie
1325 2729 1380 2778 vo-

323 2820 409 2892 cant,
432 2814 524 2895 argui
547 2831 665 2881 censes.
710 2814 844 2878 Sensum
866 2813 960 2894 enim,
990 2832 1182 2895 quamquam
1204 2816 1224 2898 ξ
1248 2815 1287 2882 19
1310 2834 1381 2880 mu·

325 2917 384 2983 tila
405 2923 465 3000 est,
488 2917 585 2983 talem
609 2935 679 2982 esse
701 2921 856 2998 apparet:
880 2925 1064 2984 etecusam
1086 2924 1120 2985 et
1141 2919 1260 2985 crimen
1284 2918 1331 2983 ita
1346 2937 1381 2984 se

324 3020 453 3100 habere,
475 3024 512 3084 ut
529 3019 655 3101 judices
677 3018 838 3084 subtiliter
861 3019 1020 3102 inquirere
1042 3026 1075 3087 et
1093 3040 1205 3086 verum
1227 3021 1381 3104 conjicere

325 3141 387 3188 non
411 3141 538 3192 neccsse
561 3122 615 3189 sit.
658 3122 769 3206 Neque
792 3121 891 3188 verba
913 3122 984 3188 illa:
1008 3119 1068 3188 ἐπὶ
1089 3118 1227 3210 θανάτῳ
1249 3126 1292 3190 od
1314 3142 1381 3189 rem

324 3227 428 3308 ipsam
452 3226 626 3308 quidquam
649 3225 781 3305 faciunt,
813 3228 870 3292 sed
892 3220 1142 3312 „Supertamarci
1163 3223 1223 3292 ἐπὶ
1244 3223 1382 3312 σμικρὸν

323 3324 479 3394 inuocato
494 3325 536 3392 τά
552 3324 730 3413 λεγόμεναι(
753 3336 813 3396 etc.
836 3335 972 3411 oportet,
995 3329 1049 3395 ubi
1065 3330 1170 3397 scelus
1185 3329 1382 3396 clandestino

324 3432 538 3514 qualicunque
563 3432 694 3498 consilio
728 3431 930 3498 commissum
953 3438 1021 3513 est,
1052 3433 1120 3499 sire
1146 3434 1208 3499 hoc
1236 3432 1382 3498 vulnera·

324 3536 444 3601 tionem
476 3534 527 3599 vel
558 3534 677 3600 similia
705 3535 773 3602 sive
804 3555 914 3603 necem
946 3535 1115 3618 spectauit.
1175 3537 1267 3615 Quod
1306 3553 1382 3602 uero

323 3637 406 3703 haec
442 3641 570 3703 tantum
607 3637 738 3703 consilia
783 3657 857 3704 reus
898 3646 1142 3721 commemorat,
1186 3639 1266 3705 nihil
1309 3637 1384 3704 miri

325 3741 441 3821 habet,
479 3741 628 3823 quoniam
664 3741 827 3807 rarissime
862 3741 916 3823 fit,
956 3749 993 3808 ut
1029 3744 1084 3827 qui
1121 3742 1216 3809 alteri
1252 3760 1384 3825 persua·

257 3914 261 3921 ,
326 3844 418 3923 deat,
449 3850 485 3908 ut
515 3843 643 3909 inimico
672 3863 827 3911 vencnum
859 3846 1036 3926 ministret,
1069 3848 1154 3912 hunc
1183 3847 1265 3911 mori
1294 3845 1383 3910 nolit.

287 3939 289 3945 ’
325 3946 385 4013 Vel
407 3946 492 4012 lerro
519 3946 568 4012 rel
596 3966 703 4029 pugno
725 3947 775 4012 vel
807 3949 903 4014 simili
934 3949 1073 4032 quodam
1102 3950 1151 4015 uti
1180 3950 1299 4029 solent,
1328 3948 1385 4029 qui

326 4048 428 4121 levius
454 4050 595 4135 corporis
619 4052 771 4117 damnum
794 4051 917 4119 illaturi
938 4059 1021 4118 sunt
1063 4053 1171 4136 Atque
1194 4051 1256 4118 hoc
1277 4052 1385 4137 ipsum
