3100 4834
743 375 958 445 ..68-

325 541 417 620 Quod
439 548 621 626 spectantes
643 545 671 612 si
692 552 787 613 oratt.
802 546 840 612 V.
856 554 889 614 ct
904 548 959 615 Vl.
974 549 1217 633 perlustramus,
1239 550 1381 631 primum

327 649 501 714 notandum
529 655 579 715 est
608 648 639 715 in
669 670 715 715 or.
745 650 801 717 VI.
833 670 872 716 ne
903 653 999 718 semel
1029 653 1157 735 quidem
1190 651 1383 719 infinitivum

327 767 398 814 cnm
421 751 557 816 articulo
579 753 780 835 conjunctum
804 773 884 834 esse,
906 757 961 821 sed
985 757 1016 821 iu
1032 758 1070 822 V.
1092 757 1229 839 saepius.
1263 757 1383 822 Tamen

326 853 486 919 orationes
508 852 656 920 infinitivi
686 874 746 921 usu
773 876 834 924 non
858 859 1050 940 discrepant.
1094 858 1263 944 Adjectina
1286 859 1385 926 verba

327 956 416 1021 velut
437 951 540 1037 ύξισς,
574 951 690 1038 αἴτιος,
721 953 841 1040 ἱκανός,
874 955 1051 1046 πρόθυμος
1072 968 1133 1029 etc.
1157 981 1259 1047 neque
1281 962 1313 1027 in
1336 979 1382 1028 or.

327 1061 365 1125 V.
390 1078 491 1142 neque
522 1061 553 1126 in
583 1063 638 1128 VI.
669 1062 790 1131 habent
820 1060 1010 1130 infinitivum
1042 1083 1112 1130 cum
1146 1065 1297 1144 articulo,
1336 1065 1385 1132 bis

328 1166 452 1227 tantum
476 1162 595 1247 legitur
616 1157 754 1252 ύπειρας
776 1167 835 1229 ταῦ
857 1157 1079 1248 ἀγωνίζεσθαι
1094 1168 1132 1250 V,
1154 1169 1203 1234 33
1220 1173 1253 1232 et
1267 1167 1305 1247 V,
1325 1168 1384 1233 Vl.

328 1266 434 1347 Magis
456 1266 570 1333 haereo
602 1269 633 1333 in
665 1286 702 1333 eo
728 1270 812 1351 quod
836 1267 872 1345 V,
894 1270 928 1334 8:
966 1264 1058 1334 ἕνεκά
1080 1290 1115 1353 γε
1137 1272 1196 1334 τοῦ
1218 1264 1386 1335 πιστεύειν

328 1364 403 1452 ἐμαί
423 1392 458 1434 τε
480 1368 581 1456 μηδὲν
610 1367 856 1459 ἐξημαρτῆσύαι
887 1368 936 1449 εἰς
966 1368 1041 1437 τύύε
1074 1371 1113 1438 τὸ
1142 1376 1296 1460 πρᾶγμα,
1328 1370 1386 1437 καὶ

328 1467 415 1556 ύμᾶς
445 1468 632 1557 γνώσεσθαι
664 1472 706 1538 τὰ
729 1469 842 1540 δίκαια
874 1495 934 1542 non
969 1477 1124 1543 habemus
1159 1479 1207 1564 τῴ
1239 1502 1275 1560 μ.
1309 1473 1385 1563 ε’ξη-

328 1578 529 1664 μσρτῆσθαι.
564 1577 646 1644 Sane
661 1578 789 1660 quidem
812 1587 886 1660 post
909 1574 1078 1645 πιστεύειν
1099 1580 1185 1645 solus
1207 1578 1385 1646 infinitivus

329 1679 393 1746 dici
415 1686 538 1761 potest,
569 1681 642 1763 sed,
673 1689 709 1747 ut
731 1681 861 1763 opinor,
891 1702 1017 1765 semper
1048 1681 1224 1765 significat:
1254 1701 1386 1764 sperare

328 1787 387 1847 aut
409 1784 537 1849 credere
559 1784 698 1869 aliquid,
727 1786 902 1851 secundum
926 1791 1120 1851 structuram
1152 1779 1320 1850 πιστεύειν
1342 1809 1383 1852 τι.

331 1883 495 1966 Significat
519 1887 647 1970 quidem
671 1886 726 1952 illo
742 1887 811 1954 ioco
827 1906 887 1952 von
901 1883 1084 1952 πιστεύειν;
1107 1905 1246 1971 sperare,
1268 1889 1296 1954 si
1314 1908 1385 1955 eam

329 1988 371 2052 ad
394 1983 477 2073 ὑμᾶς
498 1984 688 2073 γνώσεσθαι
710 1989 780 2055 κτλ.
801 2009 950 2079 revocas;
978 1993 1007 2057 si
1028 2010 1102 2057 vero
1124 1993 1165 2057 ad
1187 1989 1288 2077 μηδὲν
1310 1989 1384 2078 ἑξη-

270 2177 273 2184 ,
328 2095 529 2180 μαρτῆσθαι,
552 2093 638 2160 haud
661 2094 773 2160 dubie:
806 2091 955 2159 fiduciam
978 2094 1131 2160 collocare
1153 2094 1185 2159 in
1208 2095 1317 2178 aliqua
1338 2115 1385 2177 re,

330 2194 360 2259 h.
385 2214 412 2260 e.
436 2191 601 2261 πιστεύειν
622 2191 696 2261 τινί.
727 2196 786 2263 cfr.
801 2195 900 2262 Thuc.
915 2196 959 2277 H,
973 2197 1016 2261 22
1031 2191 1195 2261 πιστεύων
1215 2219 1251 2261 τε
1274 2189 1386 2281 ὀρθῶς

328 2292 516 2381 γιγνώσκειν
545 2296 624 2385 περὶ
650 2302 707 2363 τοῦ
735 2297 782 2385 μὴ
812 2294 998 2379 ἐπεξιέναι,
1032 2300 1166 2367 credens
1197 2318 1267 2367 sese
1297 2308 1385 2367 recte

329 2402 472 2485 cogitare
495 2404 535 2469 dc
557 2411 633 2483 etc.;
665 2403 721 2469 sed
743 2403 787 2469 ib.
810 2400 848 2482 V,
870 2403 891 2469 3
912 2402 958 2488 cp*
981 2399 1084 2487 λέγειν
1107 2397 1298 2485 πιστεύσας,
1320 2403 1384 2469 elo·

329 2506 459 2586 quentia
487 2504 598 2572 fretus.
643 2506 728 2584 Quid
759 2506 903 2571 dicamus
934 2505 1139 2588 quamobrem
1162 2505 1200 2588 V,
1223 2507 1243 2571 8
1273 2506 1320 2593 τῷ
1341 2507 1386 2571 sit

235 2674 238 2681 ,
328 2609 505 2675 omissum?
540 2608 630 2675 Nihil
652 2609 778 2674 invenio
800 2608 957 2690 equidem,
981 2608 1041 2673 nisi
1062 2607 1183 2674 factum
1205 2614 1255 2674 est
1277 2608 1386 2674 studio

332 2711 474 2778 membra
488 2713 639 2778 concinne
654 2711 876 2794 componendi,
887 2711 1035 2794 quoniam
1051 2713 1181 2777 verbnm
1196 2706 1386 2795 γνώσεσθαι

329 2813 497 2881 articulum
520 2815 638 2882 habere
661 2834 722 2881 non
744 2820 860 2897 potest.
896 2814 1094 2895 Quamquam
1119 2816 1234 2880 mirum
1256 2815 1386 2880 videtur

329 2912 495 2983 πιστεύειν
525 2937 588 2983 nno
618 2918 792 3000 eodemque
824 2915 893 2983 loco
921 2917 1050 2982 diversa
1081 2915 1268 3000 significare.
1323 2917 1386 2983 Sed

330 3023 478 3107 equidem
501 3020 670 3088 acciverim
693 3020 747 3099 VI,
769 3020 851 3100 341,
874 3019 928 3085 nbi
951 3019 1080 3086 verbum
1103 3012 1215 3100 ν’ξίσυν
1236 3021 1279 3087 ad
1301 3015 1386 3085 αἰτι-

331 3128 437 3189 ᾶσθαι
459 3126 596 3191 relatum
619 3122 795 3205 significat:
818 3122 976 3204 volebant,
999 3123 1041 3187 ad
1057 3114 1200 3188 ἀδικεῖνε
1223 3123 1387 3189 existimo·

330 3227 415 3293 bant.
461 3227 598 3294 Tollitur
627 3227 754 3310 quidem
785 3226 861 3305 hoc,
893 3227 1038 3309 quamvis
1061 3225 1259 3292 Hartmanus
1281 3232 1387 3309 neget,

330 3331 527 3396 Jernstcdtii.
541 3330 676 3396 lectione
706 3321 899 3394 ἀδικεῖσθαι
925 3347 982 3411 pro
1005 3323 1192 3395 αἰτιᾶσθαι.
1237 3330 1387 3395 Forsitan

329 3440 437 3498 autern
459 3432 512 3498 hic
533 3431 620 3498 iocus
642 3432 748 3512 illurn,
780 3433 833 3498 iile
865 3433 947 3498 hunc
975 3437 1112 3497 tueatur.
1144 3468 1186 3480 -
1217 3432 1386 3497 Laxiorcm

330 3535 489 3601 interdum
524 3536 609 3618 apud
642 3535 872 3617 Antiphontem
905 3533 1053 3600 infinitivi
1086 3554 1156 3601 esso
1189 3541 1387 3601 structuram

330 3639 504 3704 ostendunt
524 3638 669 3721 exempla
691 3638 789 3704 haec:
822 3638 861 3721 V,
883 3640 950 3702 321
986 3630 1071 3724 πρὸς
1098 3633 1220 3702 τούτων
1249 3634 1388 3704 cicinni

329 3734 584 3825 βασανιζόμενοι
605 3738 709 3824 λέγειν
724 3733 745 3807 δ’
759 3764 790 3805 τι
807 3734 847 3804 ἂν
862 3736 997 3818 ἐκείνοις
1018 3738 1164 3824 μέλλωσι
1184 3744 1387 3824 χαριεῖσθαι,

330 3846 373 3924 V,
405 3845 473 3910 323
511 3836 716 3930 ἀπετρέπετο
744 3841 845 3928 μηδὲν
881 3836 950 3908 κατ’
981 3841 1060 3927 ε’μαῦ
1102 3839 1386 3929 καταψεύδεσθαι,

330 3948 368 4025 V,
392 3948 460 4012 175
485 3942 560 4032 ε’μαὶ
581 3942 671 4032 μόνῳ
695 3942 836 4011 ἐπέλιπε
850 3944 895 4034 μὴ
912 3940 1079 4035 ὠφελῆσαι
1094 3946 1189 4011 τοῦδε
1204 3949 1261 4012 τοῦ
1276 3942 1386 4031 νόμον.

331 4051 369 4134 V,
391 4051 459 4115 321
485 4061 572 4119 recte
594 4042 678 4117 ὥστε
701 4052 953 4133 exspectaveris,
983 4068 1177 4135 quamquam
1198 4051 1279 4116 illud
1303 4045 1388 4138 πρός
