<?xml version="1.0" encoding="UTF-8"?>
<!DOCTYPE html PUBLIC "-//W3C//DTD XHTML 1.0 Transitional//EN"
    "http://www.w3.org/TR/xhtml1/DTD/xhtml1-transitional.dtd">
<html xmlns="http://www.w3.org/1999/xhtml" xml:lang="en" lang="en">
 <head>
  <title>
</title>
<meta http-equiv="Content-Type" content="text/html;charset=utf-8" />
  <meta name='ocr-system' content='tesseract 3.04.00' />
  <meta name='ocr-capabilities' content='ocr_page ocr_carea ocr_par ocr_line ocrx_word'/>
</head>
<body>
  <div class='ocr_page' id='page_1' title='image "./deantiphontisor00bringoog_0062.png"; bbox 0 0 3100 4834; ppageno 0'>
   <div class='ocr_carea' id='block_1_1' title="bbox 711 426 923 493">
    <p class='ocr_par' dir='ltr' id='par_1_1' title="bbox 711 426 923 493">
     <span class='ocr_line' id='line_1_1' title="bbox 711 426 923 493; baseline 0 -21"><span class='ocrx_word' id='word_1_1' title='bbox 711 426 923 493; x_wconf 69' lang='lat'>..55-</span> 
     </span>
    </p>
   </div>
   <div class='ocr_carea' id='block_1_2' title="bbox 293 595 1347 883">
    <p class='ocr_par' dir='ltr' id='par_1_2' title="bbox 293 595 1347 883">
     <span class='ocr_line' id='line_1_2' title="bbox 358 595 1346 679; baseline -0.004 -17"><span class='ocrx_word' id='word_1_2' title='bbox 358 595 502 679; x_wconf 87' lang='lat' dir='ltr'><strong>Duplieis</strong></span> <span class='ocrx_word' id='word_1_3' title='bbox 545 596 741 664; x_wconf 85' lang='lat' dir='ltr'><strong>antitheseos</strong></span> <span class='ocrx_word' id='word_1_4' title='bbox 784 596 906 679; x_wconf 86' lang='lat' dir='ltr'><strong>speeies</strong></span> <span class='ocrx_word' id='word_1_5' title='bbox 949 595 1003 674; x_wconf 87' lang='lat' dir='ltr'><strong><em>fit,</em></strong></span> <span class='ocrx_word' id='word_1_6' title='bbox 1047 600 1083 661; x_wconf 91' lang='lat' dir='ltr'><strong><em>ut</em></strong></span> <span class='ocrx_word' id='word_1_7' title='bbox 1129 595 1346 677; x_wconf 81' lang='lat' dir='ltr'><strong>Hermogenes</strong></span> 
     </span>
     <span class='ocr_line' id='line_1_3' title="bbox 294 699 1346 783; baseline -0.008 -16"><span class='ocrx_word' id='word_1_8' title='bbox 294 700 424 782; x_wconf 68' lang='grc' dir='ltr'><strong><em>(ὅρους.</em></strong></span> <span class='ocrx_word' id='word_1_9' title='bbox 440 701 483 765; x_wconf 94' lang='grc' dir='ltr'><strong><em>ΙΙ.</em></strong></span> <span class='ocrx_word' id='word_1_10' title='bbox 505 718 536 780; x_wconf 88' lang='lat' dir='ltr'><strong><em>p.</em></strong></span> <span class='ocrx_word' id='word_1_11' title='bbox 552 699 630 782; x_wconf 80' lang='lat'>236)</span> <span class='ocrx_word' id='word_1_12' title='bbox 653 701 757 783; x_wconf 86' lang='lat' dir='ltr'><strong>docet,</strong></span> <span class='ocrx_word' id='word_1_13' title='bbox 779 717 876 782; x_wconf 88' lang='lat' dir='ltr'><strong>quum</strong></span> <span class='ocrx_word' id='word_1_14' title='bbox 898 700 945 765; x_wconf 89' lang='lat' dir='ltr'><strong><em>rei</em></strong></span> <span class='ocrx_word' id='word_1_15' title='bbox 968 717 1050 780; x_wconf 80' lang='lat' dir='ltr'><strong>quae</strong></span> <span class='ocrx_word' id='word_1_16' title='bbox 1072 718 1108 769; x_wconf 82' lang='lat' dir='ltr'><strong><em>re</em></strong></span> <span class='ocrx_word' id='word_1_17' title='bbox 1129 716 1206 762; x_wconf 80' lang='lat' dir='ltr'><strong>vera</strong></span> <span class='ocrx_word' id='word_1_18' title='bbox 1226 700 1346 775; x_wconf 79' lang='lat' dir='ltr'><strong>exstat,</strong></span> 
     </span>
     <span class='ocr_line' id='line_1_4' title="bbox 293 797 1347 883; baseline -0.007 -14"><span class='ocrx_word' id='word_1_19' title='bbox 293 802 487 869; x_wconf 87' lang='lat' dir='ltr'><strong>eontrarium</strong></span> <span class='ocrx_word' id='word_1_20' title='bbox 510 802 595 882; x_wconf 88' lang='lat' dir='ltr'><strong>quod</strong></span> <span class='ocrx_word' id='word_1_21' title='bbox 617 820 679 867; x_wconf 87' lang='lat' dir='ltr'><strong><em>non</em></strong></span> <span class='ocrx_word' id='word_1_22' title='bbox 701 821 736 868; x_wconf 88' lang='lat' dir='ltr'><strong><em>re</em></strong></span> <span class='ocrx_word' id='word_1_23' title='bbox 759 820 837 866; x_wconf 82' lang='lat' dir='ltr'><strong>vera</strong></span> <span class='ocrx_word' id='word_1_24' title='bbox 857 807 975 883; x_wconf 82' lang='lat' dir='ltr'><strong>exstat,</strong></span> <span class='ocrx_word' id='word_1_25' title='bbox 1006 799 1214 882; x_wconf 81' lang='lat' dir='ltr'><strong>hypothetica</strong></span> <span class='ocrx_word' id='word_1_26' title='bbox 1243 797 1347 864; x_wconf 83' lang='lat' dir='ltr'><strong>forma</strong></span> 
     </span>
    </p>
   </div>
   <div class='ocr_carea' id='block_1_3' title="bbox 170 893 1346 988">
    <p class='ocr_par' dir='ltr' id='par_1_3' title="bbox 170 893 1346 988">
     <span class='ocr_line' id='line_1_5' title="bbox 170 893 1346 988; baseline -0.006 -17"><span class='ocrx_word' id='word_1_27' title='bbox 170 914 172 917; x_wconf 78' lang='grc'>’</span> <span class='ocrx_word' id='word_1_28' title='bbox 293 905 509 988; x_wconf 81' lang='lat' dir='ltr'><strong>praeponitur.</strong></span> <span class='ocrx_word' id='word_1_29' title='bbox 561 903 615 970; x_wconf 89' lang='lat' dir='ltr'><strong><em>VI.</em></strong></span> <span class='ocrx_word' id='word_1_30' title='bbox 639 907 680 973; x_wconf 79' lang='lat'><strong><em>28</em></strong></span> <span class='ocrx_word' id='word_1_31' title='bbox 713 900 897 988; x_wconf 77' lang='grc' dir='ltr'><strong><em>ἐπίσταμαι</em></strong></span> <span class='ocrx_word' id='word_1_32' title='bbox 927 901 965 968; x_wconf 80' lang='grc' dir='ltr'><strong><em>δέ</em></strong></span> <span class='ocrx_word' id='word_1_33' title='bbox 993 899 1049 968; x_wconf 85' lang='grc' dir='ltr'><strong><em>καὶ</em></strong></span> <span class='ocrx_word' id='word_1_34' title='bbox 1070 898 1149 968; x_wconf 86' lang='grc' dir='ltr'><strong><em>τόδε</em></strong></span> <span class='ocrx_word' id='word_1_35' title='bbox 1171 893 1198 966; x_wconf 83' lang='grc' dir='ltr'><strong><em>ὦ</em></strong></span> <span class='ocrx_word' id='word_1_36' title='bbox 1219 896 1346 987; x_wconf 68' lang='grc' dir='ltr'><strong><em>ἄνδρες,</em></strong></span> 
     </span>
    </p>
   </div>
   <div class='ocr_carea' id='block_1_4' title="bbox 207 998 1423 4170">
    <p class='ocr_par' dir='ltr' id='par_1_4' title="bbox 293 998 1349 1707">
     <span class='ocr_line' id='line_1_6' title="bbox 294 998 1347 1093; baseline -0.002 -22"><span class='ocrx_word' id='word_1_37' title='bbox 294 1003 345 1071; x_wconf 81' lang='grc' dir='ltr'><strong><em>ὅτι</em></strong></span> <span class='ocrx_word' id='word_1_38' title='bbox 375 1002 405 1072; x_wconf 85' lang='grc' dir='ltr'><strong><em>εἱ</em></strong></span> <span class='ocrx_word' id='word_1_39' title='bbox 433 1004 494 1089; x_wconf 78' lang='grc' dir='ltr'><strong><em>μὲν</em></strong></span> <span class='ocrx_word' id='word_1_40' title='bbox 522 1002 663 1093; x_wconf 36' lang='grc' dir='ltr'><strong><em>τούτοις,</em></strong></span> <span class='ocrx_word' id='word_1_41' title='bbox 681 1004 762 1089; x_wconf 78' lang='grc' dir='ltr'><strong><em>ἐμοῦ</em></strong></span> <span class='ocrx_word' id='word_1_42' title='bbox 791 1001 1052 1093; x_wconf 79' lang='grc' dir='ltr'><strong><em>κατεμαρτύρουν</em></strong></span> <span class='ocrx_word' id='word_1_43' title='bbox 1075 1000 1108 1070; x_wconf 80' lang='grc' dir='ltr'><strong><em>ολ</em></strong></span> <span class='ocrx_word' id='word_1_44' title='bbox 1130 1000 1292 1091; x_wconf 81' lang='grc' dir='ltr'><strong><em>μάρτυρος</em></strong></span> <span class='ocrx_word' id='word_1_45' title='bbox 1314 998 1347 1069; x_wconf 76' lang='grc' dir='ltr'><strong><em>οἳ</em></strong></span> 
     </span>
     <span class='ocr_line' id='line_1_7' title="bbox 294 1102 1346 1195; baseline -0.003 -21"><span class='ocrx_word' id='word_1_46' title='bbox 294 1104 560 1195; x_wconf 83' lang='grc' dir='ltr'><strong><em>παραγενόμενοι,</em></strong></span> <span class='ocrx_word' id='word_1_47' title='bbox 592 1102 706 1186; x_wconf 79' lang='grc' dir='ltr'><strong><em>αὐτοῖς</em></strong></span> <span class='ocrx_word' id='word_1_48' title='bbox 728 1103 771 1174; x_wconf 72' lang='grc' dir='ltr'><strong><em>ἂν</em></strong></span> <span class='ocrx_word' id='word_1_49' title='bbox 797 1105 924 1187; x_wconf 79' lang='grc' dir='ltr'><strong><em>τούτοις</em></strong></span> <span class='ocrx_word' id='word_1_50' title='bbox 954 1104 1177 1194; x_wconf 74' lang='grc' dir='ltr'><strong><em>ἰσχυροτάτους</em></strong></span> <span class='ocrx_word' id='word_1_51' title='bbox 1206 1104 1346 1192; x_wconf 73' lang='grc' dir='ltr'><strong><em>ἐχρῶντο</em></strong></span> 
     </span>
     <span class='ocr_line' id='line_1_8' title="bbox 293 1203 1347 1299; baseline -0.002 -23"><span class='ocrx_word' id='word_1_52' title='bbox 293 1210 351 1277; x_wconf 89' lang='grc' dir='ltr'><strong><em>καὶ</em></strong></span> <span class='ocrx_word' id='word_1_53' title='bbox 372 1207 487 1277; x_wconf 83' lang='grc' dir='ltr'><strong><em>πίστιν</em></strong></span> <span class='ocrx_word' id='word_1_54' title='bbox 507 1206 625 1299; x_wconf 73' lang='grc' dir='ltr'><strong><em>ταύτην</em></strong></span> <span class='ocrx_word' id='word_1_55' title='bbox 647 1207 856 1297; x_wconf 74' lang='grc' dir='ltr'><strong><em>σαφεστάτην</em></strong></span> <span class='ocrx_word' id='word_1_56' title='bbox 871 1203 1066 1297; x_wconf 80' lang='grc' dir='ltr'><strong><em>ἀπέφαινον,</em></strong></span> <span class='ocrx_word' id='word_1_57' title='bbox 1088 1208 1165 1288; x_wconf 85' lang='grc' dir='ltr'><strong><em>τούς</em></strong></span> <span class='ocrx_word' id='word_1_58' title='bbox 1178 1206 1347 1297; x_wconf 80' lang='grc' dir='ltr'><strong><em>μάρτυρας</em></strong></span> 
     </span>
     <span class='ocr_line' id='line_1_9' title="bbox 293 1305 1345 1402; baseline -0.003 -23"><span class='ocrx_word' id='word_1_59' title='bbox 293 1312 369 1392; x_wconf 87' lang='grc' dir='ltr'><strong><em>τοδς</em></strong></span> <span class='ocrx_word' id='word_1_60' title='bbox 388 1318 729 1402; x_wconf 76' lang='grc' dir='ltr'><strong><em>καταμαρτυροῦντας·</em></strong></span> <span class='ocrx_word' id='word_1_61' title='bbox 753 1314 818 1379; x_wconf 82' lang='grc' dir='ltr'><strong><em>τῶν</em></strong></span> <span class='ocrx_word' id='word_1_62' title='bbox 832 1305 937 1380; x_wconf 71' lang='grc' dir='ltr'><strong><em>αὐτῶν</em></strong></span> <span class='ocrx_word' id='word_1_63' title='bbox 951 1312 988 1379; x_wconf 83' lang='grc' dir='ltr'><strong><em>δὲ</em></strong></span> <span class='ocrx_word' id='word_1_64' title='bbox 1003 1310 1126 1378; x_wconf 77' lang='grc' dir='ltr'><strong><em>τούτων</em></strong></span> <span class='ocrx_word' id='word_1_65' title='bbox 1143 1307 1345 1399; x_wconf 83' lang='grc' dir='ltr'><strong><em>μαρτυροῦν-</em></strong></span> 
     </span>
     <span class='ocr_line' id='line_1_10' title="bbox 293 1407 1347 1505; baseline -0.001 -25"><span class='ocrx_word' id='word_1_66' title='bbox 293 1440 367 1498; x_wconf 92' lang='grc' dir='ltr'><strong><em>των,</em></strong></span> <span class='ocrx_word' id='word_1_67' title='bbox 396 1410 499 1503; x_wconf 76' lang='grc' dir='ltr'><strong><em>δμέν</em></strong></span> <span class='ocrx_word' id='word_1_68' title='bbox 522 1415 581 1503; x_wconf 82' lang='grc' dir='ltr'><strong><em>έγδ</em></strong></span> <span class='ocrx_word' id='word_1_69' title='bbox 604 1415 696 1502; x_wconf 80' lang='grc' dir='ltr'><strong><em>λέγω,</em></strong></span> <span class='ocrx_word' id='word_1_70' title='bbox 720 1410 827 1505; x_wconf 77' lang='grc' dir='ltr'><strong><em>ἀληθῆ</em></strong></span> <span class='ocrx_word' id='word_1_71' title='bbox 849 1407 942 1497; x_wconf 81' lang='grc' dir='ltr'><strong><em>εἶναι,</em></strong></span> <span class='ocrx_word' id='word_1_72' title='bbox 967 1409 988 1482; x_wconf 78' lang='grc' dir='ltr'>ἃ</span> <span class='ocrx_word' id='word_1_73' title='bbox 1015 1414 1051 1482; x_wconf 79' lang='grc' dir='ltr'><strong><em>δέ</em></strong></span> <span class='ocrx_word' id='word_1_74' title='bbox 1074 1408 1164 1483; x_wconf 77' lang='grc' dir='ltr'><strong><em>οῦτοι</em></strong></span> <span class='ocrx_word' id='word_1_75' title='bbox 1187 1413 1347 1500; x_wconf 91' lang='grc' dir='ltr'><strong><em>λέγουσιν,</em></strong></span> 
     </span>
     <span class='ocr_line' id='line_1_11' title="bbox 296 1512 1349 1609; baseline -0.001 -26"><span class='ocrx_word' id='word_1_76' title='bbox 296 1513 354 1583; x_wconf 81' lang='grc' dir='ltr'><strong><em>οὐκ</em></strong></span> <span class='ocrx_word' id='word_1_77' title='bbox 375 1512 485 1609; x_wconf 75' lang='grc' dir='ltr'><strong><em>ἀληθῆ</em></strong></span> <span class='ocrx_word' id='word_1_78' title='bbox 507 1520 585 1602; x_wconf 85' lang='grc' dir='ltr'><strong><em>κτλ,·</em></strong></span> <span class='ocrx_word' id='word_1_79' title='bbox 607 1521 648 1586; x_wconf 84' lang='lat' dir='ltr'><strong><em>ib.</em></strong></span> <span class='ocrx_word' id='word_1_80' title='bbox 671 1521 713 1586; x_wconf 82' lang='grc'><strong><em>29</em></strong></span> <span class='ocrx_word' id='word_1_81' title='bbox 723 1530 751 1600; x_wconf 81' lang='lat'><strong><em>2,</em></strong></span> <span class='ocrx_word' id='word_1_82' title='bbox 768 1528 797 1600; x_wconf 83' lang='grc'><strong><em>3,</em></strong></span> <span class='ocrx_word' id='word_1_83' title='bbox 820 1520 1025 1600; x_wconf 69' lang='grc' dir='ltr'><strong><em>30-31;,λλ</em></strong></span> <span class='ocrx_word' id='word_1_84' title='bbox 1042 1520 1124 1602; x_wconf 81' lang='grc'><strong><em>841,</em></strong></span> <span class='ocrx_word' id='word_1_85' title='bbox 1140 1527 1169 1602; x_wconf 78' lang='lat'><strong><em>2,</em></strong></span> <span class='ocrx_word' id='word_1_86' title='bbox 1199 1519 1349 1585; x_wconf 84' lang='lat' dir='ltr'><strong>similiter</strong></span> 
     </span>
     <span class='ocr_line' id='line_1_12' title="bbox 294 1622 1100 1707; baseline -0.005 -18"><span class='ocrx_word' id='word_1_87' title='bbox 294 1623 382 1701; x_wconf 75' lang='lat'><strong>323,</strong></span> <span class='ocrx_word' id='word_1_88' title='bbox 411 1641 602 1707; x_wconf 81' lang='lat' dir='ltr'><strong>quamquam</strong></span> <span class='ocrx_word' id='word_1_89' title='bbox 626 1622 743 1706; x_wconf 85' lang='lat' dir='ltr'><strong>duplex</strong></span> <span class='ocrx_word' id='word_1_90' title='bbox 765 1622 936 1689; x_wconf 81' lang='lat' dir='ltr'><strong>antithesis</strong></span> <span class='ocrx_word' id='word_1_91' title='bbox 959 1628 1100 1690; x_wconf 88' lang='lat' dir='ltr'><strong>nonest.</strong></span> 
     </span>
    </p>

    <p class='ocr_par' dir='ltr' id='par_1_5' title="bbox 292 1725 1423 2733">
     <span class='ocr_line' id='line_1_13' title="bbox 358 1725 1423 1809; baseline -0.001 -19"><span class='ocrx_word' id='word_1_92' title='bbox 358 1725 455 1792; x_wconf 77' lang='lat' dir='ltr'>Aliud</span> <span class='ocrx_word' id='word_1_93' title='bbox 477 1745 577 1809; x_wconf 80' lang='lat' dir='ltr'><strong>genus</strong></span> <span class='ocrx_word' id='word_1_94' title='bbox 592 1726 809 1809; x_wconf 82' lang='lat' dir='ltr'><strong>Hermogenes</strong></span> <span class='ocrx_word' id='word_1_95' title='bbox 829 1725 899 1807; x_wconf 82' lang='lat' dir='ltr'><strong>fieri</strong></span> <span class='ocrx_word' id='word_1_96' title='bbox 922 1727 1025 1806; x_wconf 87' lang='lat' dir='ltr'><strong>docet,</strong></span> <span class='ocrx_word' id='word_1_97' title='bbox 1049 1744 1146 1807; x_wconf 88' lang='lat' dir='ltr'>quum</span> <span class='ocrx_word' id='word_1_98' title='bbox 1168 1725 1349 1809; x_wconf 88' lang='lat' dir='ltr'><strong>subjectum</strong></span> <span class='ocrx_word' id='word_1_99' title='bbox 1421 1756 1423 1759; x_wconf 96' lang='lat'>·</span> 
     </span>
     <span class='ocr_line' id='line_1_14' title="bbox 293 1828 1347 1911; baseline -0.002 -16"><span class='ocrx_word' id='word_1_100' title='bbox 293 1835 327 1895; x_wconf 88' lang='lat' dir='ltr'><strong><em>et</em></strong></span> <span class='ocrx_word' id='word_1_101' title='bbox 349 1828 506 1911; x_wconf 80' lang='lat' dir='ltr'><strong>objectum</strong></span> <span class='ocrx_word' id='word_1_102' title='bbox 536 1830 621 1894; x_wconf 85' lang='lat' dir='ltr'><strong>inter</strong></span> <span class='ocrx_word' id='word_1_103' title='bbox 642 1847 676 1894; x_wconf 88' lang='lat' dir='ltr'><strong><em>se</em></strong></span> <span class='ocrx_word' id='word_1_104' title='bbox 698 1835 948 1908; x_wconf 80' lang='lat' dir='ltr'><strong>commutentur3</strong></span> <span class='ocrx_word' id='word_1_105' title='bbox 980 1829 1065 1911; x_wconf 86' lang='lat' dir='ltr'><strong>quod</strong></span> <span class='ocrx_word' id='word_1_106' title='bbox 1087 1828 1205 1911; x_wconf 78' lang='lat' dir='ltr'><strong>legitur</strong></span> <span class='ocrx_word' id='word_1_107' title='bbox 1229 1828 1283 1894; x_wconf 91' lang='lat' dir='ltr'><strong><em>Vl.</em></strong></span> <span class='ocrx_word' id='word_1_108' title='bbox 1305 1829 1347 1893; x_wconf 75' lang='lat'><strong><em>27</em></strong></span> 
     </span>
     <span class='ocr_line' id='line_1_15' title="bbox 293 1922 1348 2017; baseline -0.001 -23"><span class='ocrx_word' id='word_1_109' title='bbox 293 1928 350 1995; x_wconf 86' lang='grc' dir='ltr'><strong><em>καὶ</em></strong></span> <span class='ocrx_word' id='word_1_110' title='bbox 385 1927 415 1996; x_wconf 82' lang='grc' dir='ltr'><strong><em>εἰ</em></strong></span> <span class='ocrx_word' id='word_1_111' title='bbox 449 1929 510 2015; x_wconf 80' lang='grc' dir='ltr'><strong><em>μὲν</em></strong></span> <span class='ocrx_word' id='word_1_112' title='bbox 541 1927 603 2016; x_wconf 82' lang='grc' dir='ltr'><strong><em>έγιδ</em></strong></span> <span class='ocrx_word' id='word_1_113' title='bbox 641 1926 765 1996; x_wconf 74' lang='grc' dir='ltr'><strong><em>τούτων</em></strong></span> <span class='ocrx_word' id='word_1_114' title='bbox 802 1927 1077 2015; x_wconf 76' lang='grc' dir='ltr'><strong><em>προκαλουμένων</em></strong></span> <span class='ocrx_word' id='word_1_115' title='bbox 1114 1927 1160 2017; x_wconf 78' lang='grc' dir='ltr'><strong><em>μὴ</em></strong></span> <span class='ocrx_word' id='word_1_116' title='bbox 1197 1922 1348 2017; x_wconf 80' lang='grc' dir='ltr'><strong><em>ἠθέλησα</em></strong></span> 
     </span>
     <span class='ocr_line' id='line_1_16' title="bbox 292 2027 1348 2122; baseline -0.001 -23"><span class='ocrx_word' id='word_1_117' title='bbox 292 2028 368 2112; x_wconf 80' lang='grc' dir='ltr'><strong><em>τούς</em></strong></span> <span class='ocrx_word' id='word_1_118' title='bbox 404 2031 685 2122; x_wconf 79' lang='grc' dir='ltr'><strong><em>παραγενομένους</em></strong></span> <span class='ocrx_word' id='word_1_119' title='bbox 723 2027 908 2122; x_wconf 74' lang='grc' dir='ltr'><strong><em>ἀποφῆναι,</em></strong></span> <span class='ocrx_word' id='word_1_120' title='bbox 947 2028 999 2122; x_wconf 74' lang='grc' dir='ltr'><strong><em>[ἢ]</em></strong></span> <span class='ocrx_word' id='word_1_121' title='bbox 1036 2029 1252 2116; x_wconf 78' lang='grc' dir='ltr'><strong><em>θεράποντας</em></strong></span> <span class='ocrx_word' id='word_1_122' title='bbox 1291 2030 1348 2114; x_wconf 79' lang='grc' dir='ltr'><strong><em>ἐξ·</em></strong></span> 
     </span>
     <span class='ocr_line' id='line_1_17' title="bbox 294 2130 1351 2225; baseline -0.002 -25"><span class='ocrx_word' id='word_1_123' title='bbox 294 2137 424 2202; x_wconf 80' lang='grc' dir='ltr'><strong><em>αιτοῦσι</em></strong></span> <span class='ocrx_word' id='word_1_124' title='bbox 454 2136 500 2225; x_wconf 80' lang='grc' dir='ltr'><strong><em>μὴ</em></strong></span> <span class='ocrx_word' id='word_1_125' title='bbox 531 2131 652 2225; x_wconf 73' lang='grc' dir='ltr'><strong><em>ἤθελον</em></strong></span> <span class='ocrx_word' id='word_1_126' title='bbox 680 2132 855 2217; x_wconf 78' lang='grc' dir='ltr'><strong><em>ἐκδιδόναι,</em></strong></span> <span class='ocrx_word' id='word_1_127' title='bbox 885 2130 904 2223; x_wconf 77' lang='grc' dir='ltr'>ἢ</span> <span class='ocrx_word' id='word_1_128' title='bbox 931 2133 1032 2225; x_wconf 77' lang='grc' dir='ltr'><strong><em>όλλιγν</em></strong></span> <span class='ocrx_word' id='word_1_129' title='bbox 1062 2136 1135 2202; x_wconf 82' lang='grc' dir='ltr'><strong><em>τινὰ</em></strong></span> <span class='ocrx_word' id='word_1_130' title='bbox 1165 2132 1351 2224; x_wconf 82' lang='grc' dir='ltr'><strong><em>πρόκλησιν</em></strong></span> 
     </span>
     <span class='ocr_line' id='line_1_18' title="bbox 294 2233 1347 2327; baseline -0.002 -21"><span class='ocrx_word' id='word_1_131' title='bbox 294 2236 445 2326; x_wconf 70' lang='grc' dir='ltr'><strong><em>ἔφευγον,</em></strong></span> <span class='ocrx_word' id='word_1_132' title='bbox 485 2233 566 2306; x_wconf 82' lang='grc' dir='ltr'><strong><em>αῦτδ</em></strong></span> <span class='ocrx_word' id='word_1_133' title='bbox 598 2234 639 2305; x_wconf 74' lang='grc' dir='ltr'><strong><em>ἂν</em></strong></span> <span class='ocrx_word' id='word_1_134' title='bbox 671 2243 771 2306; x_wconf 87' lang='grc' dir='ltr'><strong><em>ταῦτα</em></strong></span> <span class='ocrx_word' id='word_1_135' title='bbox 808 2238 947 2324; x_wconf 87' lang='grc' dir='ltr'><strong><em>μέγιστα</em></strong></span> <span class='ocrx_word' id='word_1_136' title='bbox 978 2236 1135 2327; x_wconf 86' lang='grc' dir='ltr'><strong><em>τεκμήρια</em></strong></span> <span class='ocrx_word' id='word_1_137' title='bbox 1168 2239 1240 2304; x_wconf 87' lang='grc' dir='ltr'><strong><em>κατ’</em></strong></span> <span class='ocrx_word' id='word_1_138' title='bbox 1268 2235 1347 2322; x_wconf 76' lang='grc' dir='ltr'><strong><em>ἐμοῦ</em></strong></span> 
     </span>
     <span class='ocr_line' id='line_1_19' title="bbox 295 2334 1348 2433; baseline -0.002 -26"><span class='ocrx_word' id='word_1_139' title='bbox 295 2341 471 2409; x_wconf 76' lang='grc' dir='ltr'><strong><em>ἐποιοῦντο</em></strong></span> <span class='ocrx_word' id='word_1_140' title='bbox 502 2339 553 2410; x_wconf 82' lang='grc' dir='ltr'><strong><em>ὅτι</em></strong></span> <span class='ocrx_word' id='word_1_141' title='bbox 580 2337 706 2432; x_wconf 78' lang='grc' dir='ltr'><strong><em>ἀληθὴς</em></strong></span> <span class='ocrx_word' id='word_1_142' title='bbox 735 2334 813 2433; x_wconf 76' lang='grc' dir='ltr'><strong><em>ἦνῆ</em></strong></span> <span class='ocrx_word' id='word_1_143' title='bbox 836 2339 943 2409; x_wconf 82' lang='grc' dir='ltr'><strong><em>αἰτία·</em></strong></span> <span class='ocrx_word' id='word_1_144' title='bbox 966 2340 1041 2409; x_wconf 77' lang='grc' dir='ltr'><strong><em>ἐπεὶ</em></strong></span> <span class='ocrx_word' id='word_1_145' title='bbox 1064 2343 1092 2407; x_wconf 85' lang='grc' dir='ltr'><strong><em>δ’</em></strong></span> <span class='ocrx_word' id='word_1_146' title='bbox 1115 2340 1195 2427; x_wconf 79' lang='grc' dir='ltr'><strong><em>ἐμοῦ</em></strong></span> <span class='ocrx_word' id='word_1_147' title='bbox 1218 2363 1348 2425; x_wconf 79' lang='grc' dir='ltr'><strong><em>προκα-</em></strong></span> 
     </span>
     <span class='ocr_line' id='line_1_20' title="bbox 295 2438 1349 2534; baseline -0.001 -25"><span class='ocrx_word' id='word_1_148' title='bbox 295 2444 452 2530; x_wconf 82' lang='grc' dir='ltr'><strong><em>λουμένου</em></strong></span> <span class='ocrx_word' id='word_1_149' title='bbox 487 2440 576 2513; x_wconf 80' lang='grc' dir='ltr'><strong><em>οῦτοι</em></strong></span> <span class='ocrx_word' id='word_1_150' title='bbox 612 2438 694 2534; x_wconf 76' lang='grc' dir='ltr'><strong><em>ἦσαν</em></strong></span> <span class='ocrx_word' id='word_1_151' title='bbox 730 2443 762 2512; x_wconf 76' lang='grc' dir='ltr'><strong><em>οἱ</em></strong></span> <span class='ocrx_word' id='word_1_152' title='bbox 800 2442 971 2533; x_wconf 75' lang='grc' dir='ltr'><strong><em>φεύγοντες</em></strong></span> <span class='ocrx_word' id='word_1_153' title='bbox 1007 2446 1065 2513; x_wconf 93' lang='grc' dir='ltr'><strong><em>τδν</em></strong></span> <span class='ocrx_word' id='word_1_154' title='bbox 1100 2441 1231 2528; x_wconf 75' lang='grc' dir='ltr'><strong><em>ἔλεγχον</em></strong></span> <span class='ocrx_word' id='word_1_155' title='bbox 1267 2443 1349 2525; x_wconf 84' lang='grc' dir='ltr'><strong><em>κτλ,</em></strong></span> 
     </span>
     <span class='ocr_line' id='line_1_21' title="bbox 295 2548 1348 2631; baseline -0.004 -16"><span class='ocrx_word' id='word_1_156' title='bbox 295 2568 486 2631; x_wconf 85' lang='lat' dir='ltr'><strong>quamquam</strong></span> <span class='ocrx_word' id='word_1_157' title='bbox 517 2551 576 2616; x_wconf 84' lang='lat' dir='ltr'><strong><em>hoc</em></strong></span> <span class='ocrx_word' id='word_1_158' title='bbox 605 2552 702 2617; x_wconf 83' lang='lat' dir='ltr'><strong>etiam</strong></span> <span class='ocrx_word' id='word_1_159' title='bbox 733 2552 775 2616; x_wconf 80' lang='lat' dir='ltr'><strong><em>ad</em></strong></span> <span class='ocrx_word' id='word_1_160' title='bbox 806 2549 954 2631; x_wconf 87' lang='lat' dir='ltr'><strong>superius</strong></span> <span class='ocrx_word' id='word_1_161' title='bbox 982 2549 1063 2615; x_wconf 88' lang='lat' dir='ltr'>illud</span> <span class='ocrx_word' id='word_1_162' title='bbox 1089 2568 1190 2630; x_wconf 80' lang='lat' dir='ltr'><strong>genus</strong></span> <span class='ocrx_word' id='word_1_163' title='bbox 1212 2548 1348 2628; x_wconf 80' lang='lat' dir='ltr'><strong>attinet3</strong></span> 
     </span>
     <span class='ocr_line' id='line_1_22' title="bbox 294 2651 812 2733; baseline 0.006 -17"><span class='ocrx_word' id='word_1_164' title='bbox 294 2651 333 2716; x_wconf 91' lang='lat' dir='ltr'><strong><em>V.</em></strong></span> <span class='ocrx_word' id='word_1_165' title='bbox 356 2653 436 2732; x_wconf 83' lang='grc'><strong><em>383,</em></strong></span> <span class='ocrx_word' id='word_1_166' title='bbox 458 2653 607 2721; x_wconf 88' lang='lat' dir='ltr'><strong>similiter</strong></span> <span class='ocrx_word' id='word_1_167' title='bbox 627 2656 709 2733; x_wconf 79' lang='lat'>592,</span> <span class='ocrx_word' id='word_1_168' title='bbox 733 2655 812 2720; x_wconf 80' lang='lat'><strong>743.</strong></span> 
     </span>
    </p>

    <p class='ocr_par' dir='ltr' id='par_1_6' title="bbox 207 2747 1350 3560">
     <span class='ocr_line' id='line_1_23' title="bbox 358 2747 1348 2847; baseline -0.001 -28"><span class='ocrx_word' id='word_1_169' title='bbox 358 2753 428 2847; x_wconf 81' lang='lat' dir='ltr'><strong><em>Non</em></strong></span> <span class='ocrx_word' id='word_1_170' title='bbox 452 2756 555 2820; x_wconf 83' lang='lat' dir='ltr'><strong>minus</strong></span> <span class='ocrx_word' id='word_1_171' title='bbox 576 2756 656 2821; x_wconf 81' lang='lat' dir='ltr'><strong>artis</strong></span> <span class='ocrx_word' id='word_1_172' title='bbox 676 2757 760 2823; x_wconf 87' lang='lat' dir='ltr'><strong>inest</strong></span> <span class='ocrx_word' id='word_1_173' title='bbox 782 2756 815 2822; x_wconf 89' lang='lat' dir='ltr'><strong><em>in</em></strong></span> <span class='ocrx_word' id='word_1_174' title='bbox 838 2747 1078 2841; x_wconf 80' lang='grc' dir='ltr'><strong><em>ἀντιμεταβολῇ</em></strong></span> <span class='ocrx_word' id='word_1_175' title='bbox 1102 2773 1184 2837; x_wconf 80' lang='lat' dir='ltr'><strong>quae</strong></span> <span class='ocrx_word' id='word_1_176' title='bbox 1205 2759 1348 2821; x_wconf 81' lang='lat' dir='ltr'><strong>vocatur.</strong></span> 
     </span>
     <span class='ocr_line' id='line_1_24' title="bbox 294 2855 1347 2941; baseline -0.001 -19"><span class='ocrx_word' id='word_1_177' title='bbox 294 2857 343 2922; x_wconf 81' lang='lat' dir='ltr'><strong><em>Es</em></strong></span> <span class='ocrx_word' id='word_1_178' title='bbox 365 2855 402 2922; x_wconf 86' lang='lat' dir='ltr'><strong><em>fit</em></strong></span> <span class='ocrx_word' id='word_1_179' title='bbox 422 2857 450 2923; x_wconf 85' lang='lat' dir='ltr'><strong><em>si</em></strong></span> <span class='ocrx_word' id='word_1_180' title='bbox 472 2858 615 2924; x_wconf 88' lang='lat' dir='ltr'><strong>notiones</strong></span> <span class='ocrx_word' id='word_1_181' title='bbox 636 2860 719 2925; x_wconf 85' lang='lat' dir='ltr'><strong>inter</strong></span> <span class='ocrx_word' id='word_1_182' title='bbox 740 2878 775 2925; x_wconf 90' lang='lat' dir='ltr'><strong><em>se</em></strong></span> <span class='ocrx_word' id='word_1_183' title='bbox 790 2858 1020 2941; x_wconf 68' lang='lat' dir='ltr'><strong>respondentes</strong></span> <span class='ocrx_word' id='word_1_184' title='bbox 1034 2859 1081 2923; x_wconf 79' lang='lat' dir='ltr'><strong><em>ite</em></strong></span> <span class='ocrx_word' id='word_1_185' title='bbox 1096 2862 1347 2936; x_wconf 79' lang='lat' dir='ltr'><strong>commutantur,</strong></span> 
     </span>
     <span class='ocr_line' id='line_1_25' title="bbox 296 2960 1345 3042; baseline 0.001 -20"><span class='ocrx_word' id='word_1_186' title='bbox 296 2964 333 3023; x_wconf 89' lang='lat' dir='ltr'><strong><em>ut</em></strong></span> <span class='ocrx_word' id='word_1_187' title='bbox 364 2979 445 3042; x_wconf 81' lang='lat' dir='ltr'><strong>quae</strong></span> <span class='ocrx_word' id='word_1_188' title='bbox 478 2960 509 3025; x_wconf 86' lang='lat' dir='ltr'><strong><em>in</em></strong></span> <span class='ocrx_word' id='word_1_189' title='bbox 543 2961 650 3042; x_wconf 85' lang='lat' dir='ltr'><strong>priore</strong></span> <span class='ocrx_word' id='word_1_190' title='bbox 680 2961 821 3027; x_wconf 89' lang='lat' dir='ltr'><strong>membro</strong></span> <span class='ocrx_word' id='word_1_191' title='bbox 850 2961 988 3042; x_wconf 88' lang='lat' dir='ltr'><strong>primum</strong></span> <span class='ocrx_word' id='word_1_192' title='bbox 1022 2960 1125 3026; x_wconf 86' lang='lat' dir='ltr'><strong>locum</strong></span> <span class='ocrx_word' id='word_1_193' title='bbox 1159 2960 1275 3038; x_wconf 84' lang='lat' dir='ltr'><strong>habet,</strong></span> <span class='ocrx_word' id='word_1_194' title='bbox 1312 2960 1345 3024; x_wconf 88' lang='lat' dir='ltr'><strong><em>in</em></strong></span> 
     </span>
     <span class='ocr_line' id='line_1_26' title="bbox 295 3053 1347 3144; baseline -0.001 -18"><span class='ocrx_word' id='word_1_195' title='bbox 295 3063 472 3143; x_wconf 82' lang='lat' dir='ltr'><strong>posteriore</strong></span> <span class='ocrx_word' id='word_1_196' title='bbox 494 3062 640 3129; x_wconf 89' lang='lat' dir='ltr'><strong>ultimum</strong></span> <span class='ocrx_word' id='word_1_197' title='bbox 663 3063 798 3144; x_wconf 82' lang='lat' dir='ltr'><strong>habeat,</strong></span> <span class='ocrx_word' id='word_1_198' title='bbox 828 3069 862 3129; x_wconf 88' lang='lat' dir='ltr'><strong><em>et</em></strong></span> <span class='ocrx_word' id='word_1_199' title='bbox 884 3063 952 3129; x_wconf 86' lang='lat' dir='ltr'><strong>vice</strong></span> <span class='ocrx_word' id='word_1_200' title='bbox 974 3081 1075 3128; x_wconf 78' lang='lat' dir='ltr'><strong>verse.</strong></span> <span class='ocrx_word' id='word_1_201' title='bbox 1120 3062 1174 3127; x_wconf 88' lang='lat' dir='ltr'><strong><em>VI.</em></strong></span> <span class='ocrx_word' id='word_1_202' title='bbox 1191 3063 1247 3127; x_wconf 76' lang='lat'><strong><em>24</em></strong></span> <span class='ocrx_word' id='word_1_203' title='bbox 1272 3053 1347 3125; x_wconf 74' lang='grc' dir='ltr'><strong><em>ὥστ’</em></strong></span> 
     </span>
     <span class='ocr_line' id='line_1_27' title="bbox 207 3157 1350 3250; baseline 0 -22"><span class='ocrx_word' id='word_1_204' title='bbox 207 3204 211 3210; x_wconf 89' lang='lat'><strong>·</strong></span> <span class='ocrx_word' id='word_1_205' title='bbox 295 3157 331 3229; x_wconf 81' lang='grc' dir='ltr'><strong><em>οὗ</em></strong></span> <span class='ocrx_word' id='word_1_206' title='bbox 360 3162 412 3228; x_wconf 84' lang='grc' dir='ltr'><strong><em>δεῖ</em></strong></span> <span class='ocrx_word' id='word_1_207' title='bbox 446 3160 532 3249; x_wconf 80' lang='grc' dir='ltr'><strong><em>ῦμῦς</em></strong></span> <span class='ocrx_word' id='word_1_208' title='bbox 569 3163 606 3230; x_wconf 76' lang='grc' dir='ltr'><strong><em>ἐκ</em></strong></span> <span class='ocrx_word' id='word_1_209' title='bbox 643 3169 707 3230; x_wconf 83' lang='grc' dir='ltr'><strong><em>τῶν</em></strong></span> <span class='ocrx_word' id='word_1_210' title='bbox 745 3160 850 3249; x_wconf 87' lang='grc' dir='ltr'><strong><em>λόγων</em></strong></span> <span class='ocrx_word' id='word_1_211' title='bbox 886 3166 944 3230; x_wconf 88' lang='grc' dir='ltr'><strong><em>τοῦ</em></strong></span> <span class='ocrx_word' id='word_1_212' title='bbox 977 3165 1234 3250; x_wconf 76' lang='grc' dir='ltr'><strong><em>κατηγοροῦντος</em></strong></span> <span class='ocrx_word' id='word_1_213' title='bbox 1273 3161 1350 3241; x_wconf 86' lang='grc' dir='ltr'><strong><em>τοδς</em></strong></span> 
     </span>
     <span class='ocr_line' id='line_1_28' title="bbox 294 3259 1350 3355; baseline 0 -26"><span class='ocrx_word' id='word_1_214' title='bbox 294 3261 413 3349; x_wconf 87' lang='grc' dir='ltr'><strong><em>νόμους</em></strong></span> <span class='ocrx_word' id='word_1_215' title='bbox 443 3270 583 3352; x_wconf 87' lang='grc' dir='ltr'><strong><em>μαθεῖν,</em></strong></span> <span class='ocrx_word' id='word_1_216' title='bbox 616 3264 646 3333; x_wconf 81' lang='grc' dir='ltr'><strong><em>εἰ</em></strong></span> <span class='ocrx_word' id='word_1_217' title='bbox 676 3268 786 3346; x_wconf 84' lang='grc' dir='ltr'><strong><em>καλῶς</em></strong></span> <span class='ocrx_word' id='word_1_218' title='bbox 816 3264 943 3349; x_wconf 75' lang='grc' dir='ltr'><strong><em>ἔχουσιν</em></strong></span> <span class='ocrx_word' id='word_1_219' title='bbox 974 3261 995 3354; x_wconf 71' lang='grc' dir='ltr'><strong>ἢ</strong></span> <span class='ocrx_word' id='word_1_220' title='bbox 1022 3262 1083 3355; x_wconf 79' lang='grc' dir='ltr'><strong><em>μή,</em></strong></span> <span class='ocrx_word' id='word_1_221' title='bbox 1121 3259 1191 3332; x_wconf 80' lang='grc' dir='ltr'><strong><em>ἀλλ’</em></strong></span> <span class='ocrx_word' id='word_1_222' title='bbox 1215 3264 1254 3332; x_wconf 80' lang='grc' dir='ltr'><strong><em>ἐκ</em></strong></span> <span class='ocrx_word' id='word_1_223' title='bbox 1284 3268 1350 3333; x_wconf 83' lang='grc' dir='ltr'><strong><em>τῶν</em></strong></span> 
     </span>
     <span class='ocr_line' id='line_1_29' title="bbox 296 3363 1349 3457; baseline 0.002 -26"><span class='ocrx_word' id='word_1_224' title='bbox 296 3363 404 3453; x_wconf 90' lang='grc' dir='ltr'><strong><em>νόμων</em></strong></span> <span class='ocrx_word' id='word_1_225' title='bbox 425 3367 502 3446; x_wconf 86' lang='grc' dir='ltr'><strong><em>τούς</em></strong></span> <span class='ocrx_word' id='word_1_226' title='bbox 522 3365 645 3435; x_wconf 78' lang='grc' dir='ltr'><strong><em>τούτων</em></strong></span> <span class='ocrx_word' id='word_1_227' title='bbox 666 3365 798 3454; x_wconf 88' lang='grc' dir='ltr'><strong><em>λόγους,</em></strong></span> <span class='ocrx_word' id='word_1_228' title='bbox 827 3368 857 3437; x_wconf 83' lang='grc' dir='ltr'><strong><em>εἰ</em></strong></span> <span class='ocrx_word' id='word_1_229' title='bbox 879 3364 992 3457; x_wconf 83' lang='grc' dir='ltr'><strong><em>ὀρθῶς</em></strong></span> <span class='ocrx_word' id='word_1_230' title='bbox 1013 3364 1099 3453; x_wconf 76' lang='grc' dir='ltr'><strong><em>ὑμᾶς</em></strong></span> <span class='ocrx_word' id='word_1_231' title='bbox 1119 3366 1176 3433; x_wconf 80' lang='grc' dir='ltr'><strong><em>καὶ</em></strong></span> <span class='ocrx_word' id='word_1_232' title='bbox 1198 3364 1349 3454; x_wconf 83' lang='grc' dir='ltr'><strong><em>νομίμως</em></strong></span> 
     </span>
     <span class='ocr_line' id='line_1_30' title="bbox 295 3464 991 3560; baseline 0.004 -25"><span class='ocrx_word' id='word_1_233' title='bbox 295 3466 507 3536; x_wconf 79' lang='grc' dir='ltr'><strong><em>διδάσκουσιν</em></strong></span> <span class='ocrx_word' id='word_1_234' title='bbox 525 3464 546 3560; x_wconf 79' lang='grc' dir='ltr'><strong><em>’ὴ</em></strong></span> <span class='ocrx_word' id='word_1_235' title='bbox 567 3466 620 3552; x_wconf 73' lang='grc' dir='ltr'><strong><em>οῦ,</em></strong></span> <span class='ocrx_word' id='word_1_236' title='bbox 643 3472 680 3538; x_wconf 89' lang='lat' dir='ltr'><strong><em>V.</em></strong></span> <span class='ocrx_word' id='word_1_237' title='bbox 705 3473 745 3537; x_wconf 88' lang='grc'><strong><em>14</em></strong></span> <span class='ocrx_word' id='word_1_238' title='bbox 755 3483 785 3552; x_wconf 85' lang='grc'><strong><em>4,</em></strong></span> <span class='ocrx_word' id='word_1_239' title='bbox 807 3474 890 3553; x_wconf 73' lang='lat'>54³,</span> <span class='ocrx_word' id='word_1_240' title='bbox 911 3473 991 3538; x_wconf 80' lang='lat'><strong>843.</strong></span> 
     </span>
    </p>

    <p class='ocr_par' dir='ltr' id='par_1_7' title="bbox 295 3574 1350 4170">
     <span class='ocr_line' id='line_1_31' title="bbox 359 3574 1349 3641; baseline 0.003 -3"><span class='ocrx_word' id='word_1_241' title='bbox 359 3574 456 3639; x_wconf 83' lang='lat' dir='ltr'>Haud</span> <span class='ocrx_word' id='word_1_242' title='bbox 478 3592 550 3639; x_wconf 81' lang='lat' dir='ltr'><strong>raro</strong></span> <span class='ocrx_word' id='word_1_243' title='bbox 572 3575 669 3640; x_wconf 80' lang='lat' dir='ltr'><strong>etiem</strong></span> <span class='ocrx_word' id='word_1_244' title='bbox 692 3594 755 3640; x_wconf 80' lang='lat' dir='ltr'><strong><em>uns</em></strong></span> <span class='ocrx_word' id='word_1_245' title='bbox 777 3575 938 3641; x_wconf 77' lang='lat' dir='ltr'><strong>sententia</strong></span> <span class='ocrx_word' id='word_1_246' title='bbox 968 3592 1028 3639; x_wconf 89' lang='lat' dir='ltr'><strong><em>non</em></strong></span> <span class='ocrx_word' id='word_1_247' title='bbox 1058 3592 1154 3640; x_wconf 88' lang='lat' dir='ltr'>unum</span> <span class='ocrx_word' id='word_1_248' title='bbox 1182 3576 1240 3639; x_wconf 88' lang='lat' dir='ltr'><strong><em>sed</em></strong></span> <span class='ocrx_word' id='word_1_249' title='bbox 1263 3594 1349 3641; x_wconf 82' lang='lat' dir='ltr'><strong>eom-</strong></span> 
     </span>
     <span class='ocr_line' id='line_1_32' title="bbox 295 3675 1350 3758; baseline 0.002 -18"><span class='ocrx_word' id='word_1_250' title='bbox 295 3676 388 3758; x_wconf 86' lang='lat' dir='ltr'><strong>plura</strong></span> <span class='ocrx_word' id='word_1_251' title='bbox 410 3675 569 3741; x_wconf 79' lang='lat' dir='ltr'><strong>antitheta</strong></span> <span class='ocrx_word' id='word_1_252' title='bbox 591 3678 640 3742; x_wconf 81' lang='lat' dir='ltr'><strong><em>ita</em></strong></span> <span class='ocrx_word' id='word_1_253' title='bbox 667 3677 904 3758; x_wconf 81' lang='lat' dir='ltr'><strong>complectitur,</strong></span> <span class='ocrx_word' id='word_1_254' title='bbox 937 3682 975 3742; x_wconf 93' lang='lat' dir='ltr'><strong><em>ut</em></strong></span> <span class='ocrx_word' id='word_1_255' title='bbox 1001 3677 1083 3742; x_wconf 82' lang='lat' dir='ltr'>mira</span> <span class='ocrx_word' id='word_1_256' title='bbox 1111 3676 1251 3742; x_wconf 82' lang='lat' dir='ltr'><strong>colorum</strong></span> <span class='ocrx_word' id='word_1_257' title='bbox 1274 3696 1350 3744; x_wconf 83' lang='grc' dir='ltr'><strong><em>τοο-</em></strong></span> 
     </span>
     <span class='ocr_line' id='line_1_33' title="bbox 296 3771 1349 3864; baseline 0.002 -21"><span class='ocrx_word' id='word_1_258' title='bbox 296 3779 432 3843; x_wconf 78' lang='lat' dir='ltr'><strong>cinnitas</strong></span> <span class='ocrx_word' id='word_1_259' title='bbox 462 3778 596 3854; x_wconf 82' lang='lat' dir='ltr'><strong>existet,</strong></span> <span class='ocrx_word' id='word_1_260' title='bbox 629 3780 764 3860; x_wconf 80' lang='lat' dir='ltr'><strong>exempli</strong></span> <span class='ocrx_word' id='word_1_261' title='bbox 796 3797 893 3844; x_wconf 81' lang='lat' dir='ltr'><strong>causa</strong></span> <span class='ocrx_word' id='word_1_262' title='bbox 914 3779 970 3844; x_wconf 89' lang='lat' dir='ltr'><strong><em>VI.</em></strong></span> <span class='ocrx_word' id='word_1_263' title='bbox 993 3781 1011 3843; x_wconf 80' lang='lat'>7</span> <span class='ocrx_word' id='word_1_264' title='bbox 1036 3815 1072 3825; x_wconf 92' lang='lat'><em>-</em></span> <span class='ocrx_word' id='word_1_265' title='bbox 1097 3775 1154 3843; x_wconf 86' lang='grc' dir='ltr'><strong><em>καὶ</em></strong></span> <span class='ocrx_word' id='word_1_266' title='bbox 1175 3771 1234 3843; x_wconf 78' lang='grc' dir='ltr'><strong><em>οὐκ</em></strong></span> <span class='ocrx_word' id='word_1_267' title='bbox 1257 3776 1349 3864; x_wconf 70' lang='grc' dir='ltr'><strong><em>ἐλέγ-</em></strong></span> 
     </span>
     <span class='ocr_line' id='line_1_34' title="bbox 297 3873 1347 3966; baseline 0.004 -22"><span class='ocrx_word' id='word_1_268' title='bbox 297 3881 426 3961; x_wconf 79' lang='grc' dir='ltr'><strong><em>ξαντος,</em></strong></span> <span class='ocrx_word' id='word_1_269' title='bbox 448 3874 483 3944; x_wconf 81' lang='grc' dir='ltr'><strong><em>εἴ</em></strong></span> <span class='ocrx_word' id='word_1_270' title='bbox 501 3904 533 3944; x_wconf 91' lang='grc' dir='ltr'><strong><em>τι</em></strong></span> <span class='ocrx_word' id='word_1_271' title='bbox 549 3873 669 3960; x_wconf 78' lang='grc' dir='ltr'><strong><em>ἀδικῶ,</em></strong></span> <span class='ocrx_word' id='word_1_272' title='bbox 697 3876 833 3958; x_wconf 87' lang='grc' dir='ltr'><strong><em>δικαίως</em></strong></span> <span class='ocrx_word' id='word_1_273' title='bbox 854 3903 895 3964; x_wconf 90' lang='grc' dir='ltr'><strong><em>με</em></strong></span> <span class='ocrx_word' id='word_1_274' title='bbox 916 3877 1087 3963; x_wconf 72' lang='grc' dir='ltr'><strong><em>βούλονται</em></strong></span> <span class='ocrx_word' id='word_1_275' title='bbox 1110 3884 1347 3966; x_wconf 86' lang='grc' dir='ltr'><strong><em>τιμωρεῖσθαι,</em></strong></span> 
     </span>
     <span class='ocr_line' id='line_1_35' title="bbox 297 3974 1350 4069; baseline 0.005 -23"><span class='ocrx_word' id='word_1_276' title='bbox 297 3974 382 4046; x_wconf 79' lang='grc' dir='ltr'><strong><em>ἀλλὰ</em></strong></span> <span class='ocrx_word' id='word_1_277' title='bbox 412 3978 641 4065; x_wconf 78' lang='grc' dir='ltr'><strong><em>διαβαλόντες,</em></strong></span> <span class='ocrx_word' id='word_1_278' title='bbox 673 3980 728 4047; x_wconf 81' lang='grc' dir='ltr'><strong><em>καὶ</em></strong></span> <span class='ocrx_word' id='word_1_279' title='bbox 758 3979 788 4048; x_wconf 85' lang='grc' dir='ltr'><strong><em>εἰ</em></strong></span> <span class='ocrx_word' id='word_1_280' title='bbox 815 3980 916 4069; x_wconf 75' lang='grc' dir='ltr'><strong><em>μηδὲν</em></strong></span> <span class='ocrx_word' id='word_1_281' title='bbox 938 3976 1059 4064; x_wconf 81' lang='grc' dir='ltr'><strong><em>ἀδικῶ,</em></strong></span> <span class='ocrx_word' id='word_1_282' title='bbox 1089 3982 1257 4069; x_wconf 81' lang='grc' dir='ltr'><strong><em>ζημιῶσαι</em></strong></span> <span class='ocrx_word' id='word_1_283' title='bbox 1278 3984 1350 4056; x_wconf 86' lang='grc' dir='ltr'><strong><em>κτλ.</em></strong></span> 
     </span>
     <span class='ocr_line' id='line_1_36' title="bbox 297 4083 1052 4170; baseline -0.004 -14"><span class='ocrx_word' id='word_1_284' title='bbox 297 4084 360 4156; x_wconf 85' lang='lat' dir='ltr'><strong><em>Sed</em></strong></span> <span class='ocrx_word' id='word_1_285' title='bbox 383 4083 462 4153; x_wconf 81' lang='lat' dir='ltr'><strong>haee</strong></span> <span class='ocrx_word' id='word_1_286' title='bbox 485 4103 537 4153; x_wconf 87' lang='lat' dir='ltr'><strong><em>res</em></strong></span> <span class='ocrx_word' id='word_1_287' title='bbox 559 4084 661 4166; x_wconf 82' lang='lat' dir='ltr'><strong>magis</strong></span> <span class='ocrx_word' id='word_1_288' title='bbox 683 4085 726 4149; x_wconf 81' lang='lat' dir='ltr'><strong><em>ad</em></strong></span> <span class='ocrx_word' id='word_1_289' title='bbox 747 4085 903 4170; x_wconf 82' lang='lat' dir='ltr'><strong>parisosin</strong></span> <span class='ocrx_word' id='word_1_290' title='bbox 925 4085 1052 4155; x_wconf 82' lang='lat' dir='ltr'><strong>attinet.</strong></span> 
     </span>
    </p>
   </div>
   <div class='ocr_carea' id='block_1_5' title="bbox 0 0 1560 4834">
    <p class='ocr_par' dir='ltr' id='par_1_8' title="bbox 0 0 1560 4834">
     <span class='ocr_line' id='line_1_37' title="bbox 0 0 1560 4834; baseline 0 0"><span class='ocrx_word' id='word_1_291' title='bbox 0 0 1560 4834; x_wconf 95' lang='lat' dir='ltr'><strong><em> </em></strong></span> 
     </span>
    </p>
   </div>
  </div>
 </body>
</html>
