3100 4834
585 391 797 459 sqq..

172 560 338 628 convenire
367 561 542 645 intelleget.
585 564 696 646 Neque
724 565 827 631 habeo
857 566 940 647 quod
972 567 1058 633 illius
1079 569 1223 652 disputa·

172 665 251 729 tioni
275 664 408 745 addam;
439 666 499 730 nisi
531 669 614 746 quod
644 666 724 762 falso
746 669 839 735 docet
861 670 906 751 (p.
928 670 996 752 33),
1026 672 1223 755 qnandoqui-

173 767 244 832 dem
269 767 434 858 utrinsque
463 769 615 834 orationis
645 771 799 836 ambitum
830 771 1030 853 respicimus,
1064 773 1095 839 iu
1118 793 1162 840 or.
1185 775 1223 840 V.

172 871 366 954 saepissime,
388 872 419 936 in
443 892 486 938 or.
508 873 563 938 VI.
587 875 693 940 rarius
714 875 910 957 anaphoram
940 876 1092 956 inveniri;
1123 876 1154 941 iu
1178 896 1223 942 or.

172 973 224 1039 VI.
248 976 422 1056 terdecies,
456 975 487 1040 in
509 974 548 1041 V.
570 982 621 1041 ter
643 982 676 1041 et
697 977 794 1042 vicies
817 978 944 1059 legitur.
988 978 1095 1044 Pauca
1116 985 1223 1045 tamen

171 1083 245 1143 suut
275 1077 390 1159 quibus
421 1079 505 1144 iuter
537 1097 571 1143 se
608 1079 778 1159 differunt,
821 1080 997 1163 quibusque
1028 1081 1225 1162 Wagcnerus

172 1181 216 1263 (p.
251 1181 327 1265 111)
360 1182 513 1247 orationis
545 1181 598 1246 VI.
636 1184 860 1249 auctoritatem
898 1182 1085 1249 labefactari
1123 1184 1225 1249 docet.

172 1282 313 1349 Primum
337 1284 436 1365 igitur
457 1285 666 1367 suspicionem
691 1285 808 1352 habere
830 1287 878 1352 ait
899 1287 982 1369 quod
1008 1286 1168 1368 particula
1189 1284 1226 1369 γέ

175 1386 205 1449 iu
229 1404 274 1450 or.
297 1386 335 1453 V.
358 1386 465 1453 tricies
493 1387 588 1452 semel
620 1389 752 1469 (‚,immo
782 1389 832 1455 bis
862 1394 896 1454 et
930 1389 1056 1468 tricies,
1086 1389 1226 1470 neglexit

172 1488 254 1554 euim
285 1488 476 1572 particulam
508 1491 540 1555 in
572 1490 682 1573 §61¹²
713 1489 870 1575 Sabaei),
903 1491 935 1554 in
967 1510 1010 1557 or.
1039 1491 1093 1556 VI.
1123 1491 1225 1557 sexies

172 1595 296 1658 mutum
321 1592 494 1676 („neglcxit
523 1590 559 1675 γέ
589 1594 620 1657 in
643 1594 661 1675 ξ
683 1593 746 1658 26“
768 1593 907 1678 Schaef.)
938 1594 1127 1660 inveniatur.
1173 1594 1226 1660 hd

174 1696 257 1776 qnod
282 1695 473 1761 Sohacferus
495 1695 541 1779 (p.
563 1696 636 1781 46):
668 1696 759 1777 „Sed
782 1696 815 1761 hi
837 1705 872 1762 et
893 1696 1012 1762 similes
1033 1714 1112 1779 qnos
1133 1696 1226 1762 affert

174 1798 294 1864 numeri
309 1800 393 1880 apud
413 1799 641 1881 Antiphontem
657 1799 785 1882 quidem
805 1799 883 1865 uihil
906 1800 1125 1865 demonstrant
1141 1846 1225 1865 .....
1337 1850 1340 1854 .

174 1900 253 1966 Nam
277 1918 359 1981 quae
381 1902 541 1984 particula
562 1902 655 1967 modo
677 1902 707 1967 ei
728 1903 759 1967 iu
784 1910 889 1967 mente
911 1907 991 1981 erat,
1013 1920 1082 1968 earn
1104 1902 1226 1985 saepis·

174 2004 251 2069 simu
274 2006 450 2087 usurparit,
482 2012 548 2070 tum
572 2024 662 2083 vero,
694 2006 785 2087 qnasi
815 2005 967 2071 memoria
996 2006 1063 2087 ejus
1091 2004 1226 2087 abjecta,

175 2108 300 2172 omnino
321 2106 388 2172 fere
410 2106 556 2189 neglexit.
601 2107 715 2189 Itaque
737 2108 769 2172 in
793 2108 863 2189 ipsa
884 2127 929 2172 or.
952 2107 989 2173 V.
1013 2107 1096 2171 hanc
1123 2107 1225 2189 ipsam

178 2209 369 2291 particulam
391 2206 429 2293 γε’
455 2228 513 2292 per
542 2209 707 2275 duodecim
737 2209 956 2291 paragraphus
985 2210 1018 2291 (ξ
1033 2210 1155 2292 29-§
1170 2210 1228 2292 40)

174 2331 213 2378 ne
241 2313 338 2378 semel
378 2313 505 2396 quidem
542 2312 676 2394 legimus
706 2313 790 2379 etc“
841 2312 915 2378 Alia
943 2312 1088 2394 exempla
1118 2312 1227 2377 videas

174 2415 249 2482 ibid.
273 2434 304 2497 p.
327 2415 379 2480 47.
410 2451 451 2464 -
482 2414 572 2493 Quod
604 2416 717 2482 deinde
745 2415 914 2481 formulam
936 2413 997 2498 μὲν
1018 2408 1081 2501 γάρ
1104 2432 1148 2479 or.
1170 2413 1225 2479 VI.

175 2519 290 2594 novies,
321 2537 366 2584 or.
388 2518 427 2583 V.
450 2525 561 2584 contra
582 2518 684 2584 sexies
707 2525 740 2583 et
762 2519 888 2595 tricies,
918 2517 985 2584 iere
1008 2517 1106 2600 duplo
1128 2516 1227 2599 igitur

175 2621 303 2704 saepius
324 2621 452 2701 habeat,
484 2620 664 2686 memineris
691 2620 781 2686 illam
803 2621 835 2686 in
859 2639 903 2686 or.
925 2620 963 2685 V.
986 2620 1172 2703 plerumque
1193 2618 1226 2684 in

176 2723 330 2790 antithesi
360 2724 497 2804 versari,
525 2742 606 2805 qnae
636 2724 668 2789 in
697 2742 741 2789 or.
764 2723 819 2789 VI.
842 2729 908 2789 tam
937 2723 1003 2789 late
1033 2728 1144 2805 patere
1167 2740 1226 2787 nou

174 2828 286 2909 possit.
315 2863 357 2873 —
389 2827 470 2892 Tum
499 2826 636 2892 formula
664 2828 760 2893 τοῦτο
787 2822 849 2910 μέν
870 2863 913 2872 -
932 2821 1101 2906 τοῦτοδὲ,
1133 2843 1226 2907 qnam

170 2932 238 3013 jam
268 2929 412 2995 Blassius
442 2936 476 2995 et
505 2928 693 3011 Spengelius
717 2928 856 2994 orationi
877 2928 931 2995 VI.
955 2929 1065 2993 deesse
1096 2945 1225 2994 monne·

175 3037 264 3114 runt‚
294 3034 327 3098 in
356 3050 400 3097 or.
424 3033 461 3098 V.
485 3032 634 3097 undecies
665 3031 792 3113 legitur.
835 3030 874 3094 In
897 3030 978 3095 hauc
1000 3047 1126 3112 quoque
1147 3048 1226 3110 qua·

175 3138 269 3204 drarc
291 3134 419 3200 ridetur
440 3135 524 3218 qnod
540 3133 730 3199 Schaeierns
746 3134 787 3198 de
801 3131 978 3215 particulae
993 3127 1031 3213 γέ
1044 3149 1104 3197 usu
1124 3130 1226 3197 docet.

174 3240 237 3306 Ter
257 3238 377 3320 legitur
397 3257 455 3319 per
476 3243 629 3318 quattuor
650 3237 872 3318 paragraphus
893 3232 1067 3316 (bd-53),
1096 3239 1147 3299 ter
1169 3252 1226 3315 per

175 3344 256 3408 duas
277 3347 311 3407 et
332 3341 548 3422 quadraginta
569 3339 735 3422 (54-96).
779 3337 930 3403 Narratio
960 3355 1031 3403 eam
1059 3354 1100 3402 ue
1129 3335 1226 3402 semel

174 3446 305 3528 quidem
335 3444 449 3524 habet,
475 3444 572 3527 ,qnod
603 3448 774 3524 propterea
806 3440 940 3522 alicujus
970 3438 1120 3506 momenti
1149 3437 1228 3504 mihi

175 3567 244 3615 esse
266 3547 412 3626 videtur,
441 3547 527 3629 qnod
549 3545 703 3612 orationis
724 3543 780 3609 v1.
802 3542 870 3610 fere
899 3543 1037 3609 maxima
1058 3560 1135 3625 pars
1156 3559 1227 3605 ver·

175 3657 268 3717 satur
289 3651 321 3717 in
346 3648 536 3715 narratione.

240 3753 332 3832 Quod
363 3753 499 3833 denique
528 3751 560 3816 in
594 3770 638 3817 or.
655 3750 707 3817 V.
739 3748 867 3831 saepius
903 3747 1070 3815 verborum
1105 3745 1227 3812 formae

175 3858 344 3939 leguntur,
376 3873 458 3939 quae
480 3852 664 3920 vetustioris
686 3851 840 3919 sermonis
861 3850 952 3917 attici
973 3847 1121 3932 propriae
1142 3855 1227 3926 snut,

175 3959 264 4027 velut
295 3953 448 4044 πράσσω,
481 3951 549 4038 ξύν,
579 3974 673 4038 quarn
703 3955 735 4020 in
764 3974 811 4020 or.
833 3954 898 4032 Vl,
927 3952 994 4018 fere
1022 3951 1064 4017 ad
1093 3949 1226 4016 nihilum

175 4064 318 4130 recidere
339 4061 468 4144 opinor,
499 4078 596 4145 quum
619 4057 827 4140 Antiphontis
849 4055 973 4124 codices
995 4060 1061 4121 tam
1083 4063 1226 4121 recentes
