3100 4834
571 438 784 505 „17-

146 610 216 677 tale
252 630 338 691 esse,
376 614 461 694 qnod
499 610 750 694 „intellectuelle
786 610 1064 679 Urheberschaft“
1101 611 1207 677 necari

144 715 261 796 possit.
313 714 358 779 Ut
384 714 464 779 mihi
493 716 621 796 quidem
653 712 798 795 videtur,
831 714 956 796 injuria.
1007 716 1204 796 Quamquam

145 818 257 883 omnia
279 836 361 899 quae
389 823 498 883 eontra
530 837 724 884 communem
755 817 933 899 opinionem
965 816 1124 899 disputat,
1156 837 1205 882 re-

144 919 257 986 futare
294 921 371 985 mihi
410 939 491 987 nunc
528 922 559 986 in
594 922 698 987 animo
732 940 792 986 non
826 926 884 986 est.
937 920 1045 987 Pauca
1081 926 1205 985 tantum

146 1041 251 1106 eaque
275 1023 397 1104 majora
420 1031 452 1090 et
474 1044 555 1107 quae
577 1026 618 1090 ad
643 1043 710 1089 rem
732 1023 823 1088 nohis
845 1023 1042 1106 propositam
1065 1024 1206 1103 proxime

146 1127 320 1205 accedant,
344 1131 468 1192 tentare
490 1125 597 1193 liceat.

216 1228 347 1295 Maximi
369 1229 401 1294 in
425 1229 484 1295 hac
507 1248 541 1295 re
564 1228 713 1294 momenti
736 1247 806 1295 esse
828 1227 918 1293 illum
941 1246 1034 1309 quem
1051 1247 1206 1295 memora-

144 1333 254 1398 vimus
276 1331 379 1397 locum
402 1330 574 1397 Andocidis
597 1332 636 1413 (Ι.
659 1331 715 1414 94)
739 1331 836 1396 etiam
858 1331 1016 1396 Passowio
1040 1332 1205 1412 probatur.

147 1437 221 1515 Quo
246 1434 317 1501 loco
341 1440 378 1499 ιιι
394 1452 454 1497 non
473 1434 536 1498 duo
551 1433 702 1514 homines,
721 1434 779 1498 sed
794 1434 874 1498 duas
889 1434 1052 1498 occidendi
1068 1434 1207 1500 rationes

146 1539 235 1604 inter
257 1556 291 1602 se
310 1536 425 1617 opponi
441 1537 647 1614 demonstret,
669 1536 748 1601 dicit
763 1538 809 1618 (p.
827 1538 882 1618 10)
898 1536 993 1601 haec:
1018 1535 1205 1619 „Intellegm

147 1635 167 1705 b
190 1636 370 1723 βουλεύσας
392 1645 442 1704 est
464 1639 618 1717 Meletos,
647 1658 747 1722 neque
775 1640 857 1704 enim
882 1638 934 1704 ille
956 1639 1025 1722 ipse
1046 1640 1208 1706 occiderat

148 1745 319 1821 Leontem;
359 1741 413 1806 nbi
451 1749 557 1807 autem
595 1747 644 1806 est
681 1743 810 1808 tandem
846 1741 1007 1807 maleficus
1038 1742 1121 1808 alter
1151 1744 1207 1826 qni

149 1847 282 1912 caedem
306 1843 439 1928 perfecit
461 1846 527 1907 -?
570 1843 707 1910 Perfecit
730 1846 859 1910 caedem
882 1844 1037 1924 carnifex3
1070 1846 1100 1909 in
1119 1846 1205 1927 jndi-

149 1951 235 2016 cium
265 1958 389 2027 autern,
419 1954 455 2012 ιιι
481 1947 601 2028 opinor,
636 1965 695 2011 non
724 1953 857 2013 vocatus
885 1952 944 2026 est,
973 1947 1053 2013 liber
1084 1957 1133 2015 est
1165 1949 1205 2014 ab

149 2052 234 2118 omni
271 2038 372 2134 poena
406 2053 484 2115 etc.“
529 2049 612 2129 Quid
651 2050 782 2116 tandem
817 2049 916 2116 refert
955 2051 986 2114 in
1018 2050 1078 2116 hac
1111 2069 1207 2117 causa

35 2168 37 2183 ¹
149 2147 326 2240 αὐτόχειρα
354 2152 444 2218 illurn
476 2151 508 2217 in
532 2151 690 2234 judicium
723 2152 830 2218 vocari
861 2171 920 2218 non
952 2154 1070 2234 posse?
1121 2153 1206 2230 Quid
1322 2177 1326 2184 ¹

151 2257 279 2323 omnino
303 2257 333 2321 in
357 2255 428 2321 aliis
451 2255 580 2329 causis?
609 2251 707 2342 Χειρι
722 2249 942 2341 ἐργασάμενον
956 2275 1059 2339 poena
1075 2257 1205 2338 dignum

150 2379 221 2427 esse
244 2361 277 2426 in
300 2360 394 2443 piena
415 2353 614 2442 βουλεύσεως
636 2359 764 2425 notione
786 2359 873 2425 hand
896 2376 1023 2425 necesse
1046 2364 1104 2424 est.
1134 2357 1204 2438 (cfr.

149 2464 310 2529 Berner
332 2462 352 2527 l.
368 2480 393 2527 c.
408 2481 440 2544 p.
456 2461 545 2544 282.)
574 2462 622 2524 An
638 2481 733 2544 quem
755 2461 994 2528 subornatorem
1018 2479 1087 2528 esse
1110 2481 1205 2543 nega·

149 2565 265 2647 bimus,
298 2564 432 2647 quadis
455 2582 547 2645 quem
571 2564 613 2628 ad
635 2564 839 2629 homicidium
870 2565 1067 2644 incitaverit,
1096 2583 1205 2629 amens

148 2669 192 2733 sit
222 2686 324 2750 neque
354 2667 426 2731 ideo
456 2666 561 2749 puniri
592 2666 717 2748 possit?
754 2666 876 2732 Deinde
905 2667 1041 2749 probare
1071 2674 1203 2734 conatus

147 2770 267 2837 rerba:
306 2767 392 2854 χειρὶ
420 2762 598 2854 ἐργάζομαι
636 2788 695 2834 nnn
732 2769 928 2852 significare:
968 2770 1037 2851 ipse
1069 2769 1198 2852 perficio

147 2872 329 2938 Passowius
352 2872 391 2936 de
414 2889 458 2936 or.
474 2872 614 2938 dechor.
635 2870 711 2955 §ld
733 2873 780 2936 ita
802 2873 956 2955 disputat,
979 2879 1015 2938 nt
1037 2871 1202 2938 lectionem

148 2994 244 3058 qnam
268 2975 392 3040 codices
414 2974 577 3041 exhibent:
603 2972 689 3061 χειρὶ
712 2967 874 3060 ἀράμενος
898 2975 1094 3041 retinendam
1117 2995 1202 3040 eam-

148 3097 210 3162 que
232 3079 279 3143 sic
292 3077 569 3159 interpretandum
584 3096 652 3144 esse
668 3079 773 3144 dicat:
797 3096 878 3159 „non
895 3096 990 3142 mann
1004 3095 1076 3142 eum
1092 3079 1202 3157 occidi,

147 3199 211 3246 non
233 3186 367 3247 cruenta
398 3181 493 3246 caede
524 3181 664 3246 necari.“
710 3180 788 3258 Quis
818 3189 867 3245 est
896 3181 946 3245 eui
975 3180 1039 3245 tale
1060 3183 1202 3246 accusati

147 3301 334 3367 responsum
365 3283 542 3364 probetur?
584 3282 690 3349 Paene
720 3283 788 3348 dixi
820 3282 1014 3348 Passowium
1043 3283 1103 3349 sibi
1129 3304 1202 3366 per-

147 3387 283 3452 suadere
305 3385 421 3451 debere
443 3384 536 3467 quale
559 3385 626 3467 ipse
649 3385 694 3469 (p.
711 3386 767 3469 16)
790 3385 928 3468 profert:
952 3384 1125 3467 choragum
1147 3407 1201 3452 ne·

146 3506 226 3569 gare
255 3505 289 3552 se
319 3488 432 3569 poculo
464 3489 495 3553 in
519 3507 581 3571 quo
604 3507 757 3556 venenum
779 3490 896 3556 inesset
918 3507 1016 3571 puero
1039 3496 1134 3572 caput
1155 3491 1200 3555 in·

145 3590 290 3674 fregisse.
312 3627 354 3636 -
376 3590 544 3672 Utcunque
567 3610 600 3656 se
615 3591 694 3657 iilud
711 3591 818 3671 habet,
841 3610 965 3658 summa
980 3591 1200 3659 Passenianae

146 3693 375 3776 disputationis
405 3694 483 3760 haec
505 3700 573 3774 est,
603 3701 639 3759 ιιι
669 3687 871 3780 αὐτοχειρίας
893 3695 1067 3776 notionem,
1095 3697 1200 3778 qualis

146 3798 236 3863 nobis
255 3796 419 3878 probatur,
442 3797 627 3878 restringat,
648 3792 848 3880 βουλεύσεως
862 3798 960 3863 latius
975 3805 1086 3881 patere
1102 3800 1197 3865 dicat.

146 3902 253 3983 Atque
276 3891 375 3965 verba
395 3895 567 3980 βουλεύειν,
598 3896 780 3988 βουλευτής,
814 3896 1050 3984 ἐπιβουλεύειν,
1083 3901 1199 3967 similia

145 4022 207 4069 non
230 4019 357 4084 semper
372 4002 629 4068 subornationem
646 4005 687 4067 ad
705 4022 822 4086 necem,
845 4005 902 4069 sed
916 4004 1013 4069 etiam
1030 4004 1199 4070 scelestum

145 4104 324 4172 homicidae
348 4104 512 4171 consilinm
531 4104 710 4188 significare
724 4108 792 4187 jam
807 4105 988 4187 Philippius
1004 4106 1037 4188 (Ι.
1054 4127 1078 4172 c.
1096 4127 1126 4188 p.
1142 4108 1197 4190 26)

965 4226 982 4279 2
