3100 4834
731 362 944 429 „34-

311 539 400 599 terea
421 532 596 616 plurimum
618 534 753 602 interest
773 534 857 601 inter
879 534 967 601 illam
989 533 1190 601 Phormionis
1212 542 1244 599 et
1267 533 1363 616 Apol·

311 633 413 701 lodori
447 635 685 703 conventionem
716 644 748 703 et
778 636 1040 715 conciliationem,
1079 654 1175 718 quam
1208 637 1365 719 chorogus

311 738 374 804 sihi
397 757 469 807 cum
491 747 675 807 accusatore
697 738 816 806 iactam
846 759 917 807 esse
942 741 998 806 ait.
1042 739 1095 804 llli
1123 740 1207 807 enim
1238 740 1277 804 de
1308 759 1366 821 pe·

312 842 405 907 cunia
427 843 580 909 solvenda
601 844 689 927 pacti
711 850 795 925 sunt,
818 850 948 927 totaque
971 862 1022 910 res
1044 846 1087 909 ad
1104 843 1158 925 jus
1179 841 1273 909 civile
1293 860 1366 924 per-

313 944 405 1024 tinet,
436 943 628 1012 Philocratis
650 952 683 1011 et
705 946 836 1031 choragi
858 946 1074 1013 reconciliatio
1096 945 1182 1012 iacta
1208 950 1297 1024 erat,
1328 948 1367 1008 nt

313 1045 443 1113 sceleris
465 1049 603 1130 suspicio
625 1049 667 1113 ah
688 1048 749 1117 hoc
771 1055 980 1117 amoveretur.

737 1292 941 1302 ————--.

382 1495 449 1572 1v.
490 1497 546 1567 De
572 1518 702 1569 rerum
727 1499 951 1572 inventione
977 1501 1018 1569 et
1044 1496 1303 1591 dispositione.

382 1662 523 1729 Primam
546 1664 701 1731 orationis
730 1665 967 1748 paragraphum
990 1666 1188 1746 Wagenerns
1216 1664 1309 1749 docet
1338 1668 1373 1728 et

315 1780 410 1830 sensu
432 1783 509 1832 sone
531 1785 626 1849 qnam
649 1767 778 1851 vulgari
800 1787 869 1834 esse
891 1776 924 1835 et
945 1767 1094 1851 imperite
1115 1766 1295 1846 rusticoque
1318 1784 1370 1829 ex·

317 1886 471 1949 pressam.
515 1868 608 1947 Quod
625 1870 784 1951 judicium
806 1872 886 1937 adeo
909 1889 970 1936 non
992 1870 1153 1951 intellego,
1187 1875 1223 1934 ut
1245 1873 1370 1932 senten-

317 1970 396 2035 tiam
420 1971 639 2055 dignissimam
663 1973 841 2039 existimem
863 1973 931 2038 viro
953 1973 1089 2056 ingenuo
1112 1977 1209 2053 atque
1226 1969 1371 2049 honesto,

317 2091 380 2155 qua
410 2081 444 2140 et
473 2076 519 2140 rei
550 2075 709 2158 ingenium
741 2077 934 2160 depingatur
961 2081 995 2141 et
1024 2076 1123 2141 animi
1151 2072 1202 2140 vel
1236 2071 1371 2137 maxime

317 2175 534 2243 concilientur.
578 2177 689 2260 Neque
711 2180 884 2246 admodum
907 2178 1029 2245 alienus
1062 2183 1112 2245 est
1143 2177 1183 2242 ab
1214 2175 1274 2240 hoc
1302 2175 1371 2240 loco

319 2276 402 2343 alter
432 2278 487 2345 ille
516 2299 535 2343 a
566 2279 688 2351 Blassio
717 2281 886 2365 laudatus,
918 2300 963 2346 or.
987 2282 1025 2345 V.
1048 2281 1066 2365 ἓ
1089 2281 1147 2347 93:
1179 2280 1233 2342 νῦν
1254 2275 1291 2343 δὲ
1314 2278 1371 2360 (sc.

318 2374 385 2468 i'scor
415 2376 464 2458 εἰς
493 2378 552 2470 τὴν
581 2377 694 2466 πόλιν)
725 2379 889 2449 πιστεύων
917 2383 965 2470 τῷ
993 2378 1129 2468 δικαίῳ,
1168 2368 1205 2445 οὗ
1234 2377 1374 2456 πλέονος

321 2476 415 2547 οὐδέν
446 2480 536 2549 ἐστιν
568 2479 662 2565 ἄξιον
690 2478 786 2570 ἀνδρὶ
817 2481 1114 2571 συναγωνίζεσθαι,
1152 2481 1254 2570 μηδὲν
1284 2477 1372 2570 αὑτῷ

323 2580 483 2650 συνειδότι
506 2578 638 2653 ἀνόσιον
660 2584 864 2675 εἰργασμένῳ
893 2588 968 2675 μηδ’
990 2583 1038 2665 εἰς
1065 2585 1141 2664 τούς
1167 2583 1268 2662 θεοὺς
1299 2579 1373 2674 ἠσε-

322 2681 438 2771 βηκότι
459 2687 529 2754 κτλ.
573 2691 663 2768 Quod
688 2709 762 2755 vero
793 2691 837 2755 ad
858 2691 1039 2773 imperitam
1062 2689 1149 2755 illam
1173 2707 1270 2770 quam
1291 2688 1375 2754 nitu·

323 2793 417 2870 perat
439 2790 646 2857 elocutionem
669 2793 798 2873 attinet,
820 2793 945 2874 singula
967 2812 1028 2858 non
1051 2797 1158 2872 notat,
1174 2873 1177 2877 ⁷
1191 2794 1248 2858 sed
1278 2792 1376 2858 verba

324 2898 467 2958 tantum:
489 2885 661 2981 ἀνθρώπῳ
683 2887 755 2960 hm
776 2896 913 2977 puerilia
934 2901 967 2962 et
989 2894 1143 2977 ejusmodi
1165 2912 1234 2960 esse
1257 2896 1313 2977 ait,
1341 2899 1377 2957 ut

325 2995 470 3060 versione
492 2997 627 3079 exprimi
650 3004 819 3080 nequeant.
857 2998 942 3077 Quid
964 3004 1071 3062 autem
1094 2993 1276 3079 significant
1297 2996 1376 3062 nisi:

325 3097 500 3164 communis
530 3099 690 3166 hominnm
722 3107 838 3166 natura
867 3102 914 3165 ita
946 3099 1032 3165 lert?
1081 3099 1191 3181 Neque
1221 3101 1377 3181 quomodo

326 3200 386 3266 hoc
407 3202 573 3283 pueriliter
595 3204 715 3270 dictum
738 3205 781 3271 sit
804 3205 950 3288 equidem
972 3202 1140 3285 intellego,
1170 3222 1271 3285 neque
1292 3203 1377 3268 idem

195 3312 198 3319 '
327 3303 375 3369 vir
398 3305 511 3370 doctus
534 3307 746 3388 reprehendit,
769 3309 854 3389 qnod
876 3307 895 3389 ξ
918 3307 960 3374 26
983 3307 1132 3373 similiter
1154 3309 1261 3371 orator
1282 3303 1377 3371 dicit:

326 3402 383 3469 καὶ
411 3402 449 3486 ἐξ
471 3393 516 3470 ὧν
535 3427 570 3491 ye
590 3406 650 3495 χρὴ
673 3402 854 3497 ἄνθρωπον
875 3400 954 3475 ὅντα
976 3401 1103 3495 τάληθῆ
1124 3404 1180 3473 καὶ
1202 3405 1244 3472 τὰ
1266 3402 1378 3472 δίκαια

329 3505 568 3575 πυνθάνεσθαι
588 3510 657 3578 κτλ.

392 3610 500 3678 Verba
530 3614 592 3696 §2
623 3615 721 3680 etiam
751 3615 902 3698 leguntur
929 3616 962 3681 in
994 3621 1075 3680 orat.
1098 3614 1136 3679 V.
1167 3615 1186 3697 ξ
1216 3615 1274 3697 14,
1303 3613 1381 3680 item

330 3713 428 3780 verba
450 3715 585 3798 §3—4:
608 3712 687 3803 αὕτη
709 3713 747 3782 δὲ
767 3711 814 3803 μή
833 3754 876 3763 -
895 3711 1084 3805 χρήσασθαι
1099 3716 1139 3806 τῇ
1154 3712 1229 3805 δίκῃ
1243 3718 1281 3782 V.
1296 3717 1315 3798 ξ
1330 3715 1381 3794 87,

329 3818 408 3884 item
439 3820 575 3903 denique
605 3819 667 3902 §5
697 3820 817 3887 verba:
850 3816 907 3884 coi
936 3811 1042 3897 οὐδείς
1075 3859 1112 3867 -
1143 3809 1380 3906 τιμωρήσωνῇ

331 3920 370 3987 V.
387 3921 406 4003 ξ
421 3921 472 4003 87,
495 3931 529 3989 et
543 3928 613 3988 tota
628 3923 647 4005 ξ
663 3924 698 3988 6;
721 3914 827 3987 αὐτῶν
849 3921 887 3988 de'
907 3922 976 3989 κτλ.
999 3923 1037 3990 V.
1053 3924 1072 4006 ξ
1087 3922 1224 3989 88-89.
1261 3921 1383 4001 Quibus

332 4023 373 4088 de
401 4022 479 4090 locis
503 4025 571 4107 jam
602 4030 677 4091 ante
701 4026 911 4108 Wagenerum
943 4026 1092 4102 similiter
1123 4024 1319 4092 Kirchncrus
1350 4025 1384 4091 in
