3100 4834
733 360 946 425 „20-

312 548 393 611 quae
416 548 522 596 errore
543 535 576 594 et
598 548 692 609 casu,
724 531 780 595 sed
804 530 890 595 nulla
913 528 1034 595 nefaria
1057 527 1258 612 neglegentia
1279 528 1365 595 facta

312 639 404 714 sunt,
436 640 504 698 tum
537 651 574 697 ea
604 651 686 713 quae
716 651 909 715 quamquam
940 651 1048 699 errore
1079 637 1112 696 et
1140 649 1226 711 casu,
1258 640 1364 696 tamen

312 735 449 802 scelesta
477 733 686 817 neglegentia.
739 734 788 800 De
822 736 927 816 prima
965 735 1072 817 specie
1101 734 1233 800 disserit
1262 734 1365 815 philu-

312 837 430 920 sophus
453 836 563 917 8641),
595 838 635 902 de
656 837 757 904 altera
781 838 882 904 aoeA
904 842 938 903 et
964 838 1001 916 B,
1032 839 1073 903 de
1095 838 1193 904 tertia
1215 835 1313 904 865ss
1329 873 1365 883 -

313 938 375 1006 866
386 939 424 1003 Ι).
468 942 575 1022 Atque
597 941 676 1006 haec
698 940 768 1022 ipsa
791 941 932 1006 continet
962 940 1083 1007 scelera
1113 960 1196 1025 quae
1220 959 1276 1005 uos
1298 940 1365 1006 cul-

243 1075 245 1079 ε
311 1060 399 1124 pesa
413 1060 526 1108 vocare
553 1042 699 1107 solemus,
743 1043 787 1107 lis
817 1044 917 1125 igitur
945 1062 1004 1108 non
1036 1044 1202 1110 convenire
1230 1048 1366 1126 apparet

278 1220 280 1227 s
313 1144 393 1210 illud
416 1143 520 1229 „perd
542 1141 680 1233 σκότους
701 1142 758 1209 καὶ
780 1138 938 1231 ἀπάτηςίι.
980 1150 1131 1213 Attamen
1156 1146 1249 1213 Plato
1270 1148 1302 1211 in
1325 1147 1365 1211 iis

313 1241 483 1330 βούλευσιν
501 1257 725 1315 commemorat
751 1247 866 1314 8653:
890 1245 997 1313 ἐὰνδὲ
1012 1243 1160 1332 αὐτόχειρ
1182 1246 1253 1332 μὲν,
1277 1243 1366 1312 diuma

315 1348 351 1415 de*
373 1343 554 1438 ἀποκτείνῃ
576 1374 627 1427 τις
649 1346 758 1433 ἕτερος
781 1346 909 1434 ἕτερον,
940 1345 1006 1416 εἴτε
1028 1354 1074 1438 τῷ
1097 1347 1213 1417 ἑαυτοῦ
1237 1347 1366 1436 σώματι

314 1451 407 1539 ψιλῷ
432 1447 498 1517 εἴτε
521 1445 647 1539 ὀργάνῳ
668 1446 688 1540 ἢ
709 1450 800 1536 βέλει
826 1447 846 1538 ἢ
868 1449 1027 1537 σώματος
1056 1449 1076 1541 ἢ
1105 1450 1197 1520 σίτου
1226 1452 1317 1521 δόσει
1345 1448 1367 1542 ἢ

314 1555 418 1640 πυρὸς
438 1549 458 1641 ’ἢ
478 1558 639 1639 χειμῶνος
662 1554 833 1643 προσβολῇ
855 1550 1037 1644 ἣστερήσει
1054 1552 1247 1641 πνεύματος,
1269 1551 1366 1636 αὐτός

311 1657 358 1743 τῷ
380 1653 494 1725 ἑαυτοῦ
517 1653 645 1743 σώματι
668 1651 689 1746 ἢ
710 1651 751 1723 δι’
776 1652 894 1745 ἑτέρων
916 1654 1092 1743 σωμάτων,
1124 1654 1257 1738 πόντιος
1278 1656 1363 1727 ἔστω

310 1758 371 1844 μὲν
394 1755 438 1837 ὡς
460 1754 617 1845 αὐτόχειρ,
641 1757 735 1837 δίκας
758 1759 796 1826 δὲ
818 1758 931 1827 τινέτω
953 1758 1087 1828 τοιόσδε
1110 1761 1180 1827 κτλ.
1213 1765 1281 1829 Hoc
1297 1765 1366 1830 loco

311 1865 342 1929 iu
366 1865 406 1929 iis
429 1882 511 1946 quae
542 1864 646 1932 uerbis
673 1857 870 1929 εἴτε-εἴτε
901 1857 1104 1950 αὐτοχειρίας
1134 1867 1254 1932 notioni
1283 1875 1365 1932 tam-

311 1985 407 2048 quam
430 1967 599 2051 subjuncta
621 1975 705 2047 sunt,
736 1968 858 2034 scelera
880 1969 1094 2048 inveniuntur,
1125 1987 1206 2050 quae
1227 1989 1266 2034 ex
1287 1969 1365 2035 Paa-

312 2070 399 2136 sowii
430 2069 590 2136 sententia
616 2065 784 2153 βουλεύσει
816 2072 1057 2137 adnumeranda
1085 2076 1174 2136 sunt:
1205 2066 1367 2156 σώματος

311 2164 331 2258 ἢ
354 2166 447 2237 σίτου
469 2167 565 2249 δόσις
586 2173 702 2254 (,‚ratio
724 2192 784 2238 non
809 2173 1019 2253 manifesta“)‚
1043 2170 1148 2258 πυρὸς
1169 2166 1189 2260 ἢ
1208 2176 1366 2257 χειμῶνος

313 2268 501 2361 προσβολή,
533 2283 566 2341 et
597 2272 747 2360 στέρησις
780 2270 965 2360 πνεύματος
986 2277 1086 2359 (,‚uex
1108 2296 1169 2342 non
1192 2279 1366 2361 cruenta“).

313 2375 434 2442 Suntne
457 2378 556 2460 igitur
579 2396 617 2442 ea
639 2396 764 2460 quoque
787 2370 990 2461 αὐτοχειρίας
1012 2380 1145 2460 speciae,
1168 2396 1250 2462 quae
1272 2379 1365 2444 Plato

311 2478 361 2566 τῷ
385 2474 499 2546 ἑαυτοῦ
529 2476 657 2565 σώματι
687 2474 707 2568 ’ἢ
737 2473 778 2545 δι)
811 2476 930 2566 ἑτέρων
958 2477 1119 2566 σωμάτων
1146 2480 1216 2547 fieri
1248 2483 1367 2546 docet?

314 2584 405 2662 Quod
428 2585 457 2648 si
481 2584 528 2648 ita
550 2590 644 2662 esset,
674 2584 752 2666 quid
782 2584 880 2650 vellet
907 2585 968 2650 sibi
998 2585 1096 2652 illud:
1125 2580 1259 2661 πάντας
1280 2579 1365 2648 ἔστω

313 2683 374 2769 μὲν
395 2680 440 2762 ὡς
458 2677 640 2767 αὐτόχειρῖ
672 2688 741 2752 Hoc
763 2687 862 2767 igitur
882 2687 1091 2770 philosophus
1107 2693 1232 2753 tantum
1248 2688 1367 2753 addere

314 2788 393 2854 mihi
409 2789 547 2870 ridetur,
561 2807 658 2872 quum
675 2807 728 2855 eos
742 2807 868 2870 quoque
883 2793 1107 2856 memoraverit
1120 2790 1175 2873 qui
1191 2781 1231 2854 δι’
1248 2785 1367 2876 ἑτέρων

312 2886 474 2974 στομάτοιν
505 2891 664 2967 occidant,
697 2893 816 2975 quippe
850 2910 929 2971 quos
961 2893 992 2957 in
1024 2893 1084 2960 hac
1111 2896 1178 2976 jam
1208 2895 1368 2959 sententia

313 3002 617 3059 commemoraturus
640 3012 708 3059 ease
730 2994 868 3075 scriptor
887 2995 918 3059 iu
934 2996 1063 3061 exordio
1078 2991 1150 3078 (ἐὰν
1164 2993 1202 3060 δὲ
1217 2989 1366 3084 αὐτόχειρ

312 3092 387 3179 μέν)
409 3113 468 3159 nun
500 3095 560 3161 sibi
591 3096 651 3178 ipsi
675 3097 761 3162 visus
785 3097 837 3162 sit.
860 3096 987 3173 ‚Quare
1008 3099 1155 3180 equidem
1177 3115 1367 3180 persuasum

313 3197 421 3278 liabeo,
443 3192 612 3285 αὐτόχειρα
635 3218 704 3266 usse
726 3200 781 3282 qui
803 3200 851 3286 τῷ
877 3193 991 3266 ἑαυτοῦ
1014 3196 1153 3284 σώματι,
1184 3219 1242 3266 sua
1264 3201 1366 3282 ipsius

312 3320 408 3366 manu
430 3303 565 3383 occidat,
588 3321 660 3369 eum
683 3302 736 3385 qui
759 3294 799 3366 δι’
824 3296 942 3387 ἑτέραν
965 3298 1136 3387 σωμάτιον,
1160 3304 1215 3384 qui
1237 3321 1366 3368 manum

313 3424 333 3468 a
369 3402 508 3470 facinore
544 3405 723 3486 abstineat,
767 3406 902 3488 ideoque
943 3406 1106 3472 suadendo
1143 3405 1255 3473 mortis
1290 3423 1366 3471 auc·

312 3514 364 3572 tor
393 3507 452 3588 sit,
489 3501 717 3600 βουλεύσαντα.
762 3508 870 3590 Atque
901 3514 938 3572 ut
973 3508 1032 3575 hoc
1062 3510 1178 3574 iterum
1211 3528 1366 3590 moneam,

313 3629 409 3693 quum
444 3616 512 3674 toto
545 3611 605 3676 hoc
635 3610 704 3675 loco
737 3612 777 3676 de
808 3609 937 3691 culposa
974 3618 1098 3677 tantum
1129 3630 1205 3678 nece
1240 3617 1367 3693 agatur,

313 3712 421 3794 agitur
449 3713 545 3778 etiam
576 3713 616 3778 de
646 3712 777 3794 culposa
807 3709 988 3795 βουλεύσει,
1020 3714 1105 3796 quali
1138 3715 1268 3781 crimine
1290 3715 1366 3780 cho-

313 3834 424 3896 ragum
459 3816 548 3881 illum
585 3823 769 3893 accusatum
808 3834 877 3882 esse
915 3819 1070 3901 suspicati
1103 3836 1221 3883 sumus.
1280 3818 1366 3883 Nun-

314 3919 390 3981 dum
433 3918 532 4000 igitur
570 3920 686 3984 accedo
722 3918 875 3985 Passuwii
911 3919 1105 3995 sententiae,
1142 3922 1197 4004 qui
1234 3922 1278 4002 (p.
1308 3921 1364 4002 43)
1395 3952 1404 3963 -

313 4038 397 4108 „par
431 4020 509 4087 illud
546 4021 650 4088 nobile
678 4022 813 4088 fratrum
843 4022 1103 4113 (intellectualem
1136 4030 1168 4090 et
1197 4023 1366 4107 physicum
