3100 4834
689 355 903 425 ..40-

274 531 466 594 statuerunt.
518 530 620 608 Quam
653 545 749 609 quum
787 526 834 593 iili
867 525 1031 592 fortuitam
1064 544 1132 592 esse
1166 526 1325 604 censeant,

274 633 471 716 Wagenerus
493 633 523 696 ei
546 635 668 696 tantam
692 630 807 695 tribuit
828 630 911 712 vim,
942 636 978 694 ut
1001 648 1044 695 or.
1068 630 1108 694 de
1131 629 1216 695 chor.
1238 627 1326 693 locus

273 736 452 800 imitatione
474 735 505 802 ei
526 751 694 817 expressus
716 752 786 799 esse
801 733 958 798 videatur.
992 733 1077 811 Quid
1092 732 1192 813 igitur
1206 732 1327 797 habent

273 838 463 904 commune?
494 837 635 903 Primum
654 836 780 919 quidem
797 842 932 917 uterque
953 842 1061 900 orator
1081 835 1241 918 proponit,
1262 852 1327 917 qua

274 942 314 1006 de
337 958 371 1004 re
393 942 530 1023 primum
555 941 700 1006 dicturus
733 941 786 1005 sit.
830 939 919 1006 Haec
948 946 1054 1006 autem
1086 938 1262 1021 propositio
1291 941 1326 1003 et

275 1042 408 1125 partitio
430 1044 585 1125 quaedam
610 1041 727 1107 nullam
750 1042 959 1125 suspicionem
983 1041 1090 1122 habet,
1112 1041 1230 1123 quippe
1244 1058 1327 1121 quae

219 1216 223 1224 ,
279 1147 308 1210 in
325 1149 575 1233 προκατασκεοῇ
590 1164 671 1228 quae
686 1151 819 1210 vocatur
841 1162 911 1210 esse
933 1144 1040 1209 soleat.
1073 1143 1109 1208 In
1131 1143 1272 1209 oratione
1286 1142 1327 1206 V,

276 1248 402 1331 quidem
425 1267 521 1331 quum
545 1247 646 1314 omnis
668 1249 935 1334 προκατασκενῇς
956 1246 1132 1329 disputatio
1154 1246 1185 1311 in
1200 1265 1238 1311 eo
1253 1264 1327 1311 con·

276 1356 430 1427 sumatur,
460 1352 544 1433 quod
574 1359 777 1417 accusatores
799 1350 944 1415 inaudito
966 1351 1103 1431 quodam
1127 1355 1161 1415 et
1183 1349 1327 1431 injustis·

275 1454 353 1518 simo
387 1454 480 1518 modo
519 1470 647 1518 causam
681 1453 896 1534 instituerint,
931 1455 997 1536 jam
1031 1459 1164 1517 exeunte
1196 1452 1328 1516 exordio

275 1564 383 1623 orator
405 1556 544 1621 breviter
566 1556 730 1621 materiem
754 1557 800 1620 sic
822 1555 972 1638 proponit
994 1556 1012 1637 ξ
1036 1556 1055 1620 7
1065 1575 1072 1620 :
1105 1551 1181 1638 περὶ
1204 1551 1240 1618 δέ
1261 1556 1328 1617 τῶν

275 1655 541 1744 κατηγορημένων
563 1649 815 1746 ἀπολογήσομαι
837 1649 913 1723 καθ’
931 1652 1079 1722 ἕκαστον.
1114 1657 1236 1723 Deinde
1250 1674 1329 1721 vero

277 1763 350 1828 huic
373 1761 442 1827 loco
464 1779 536 1826 cum
553 1760 798 1827 Demosthenico
817 1779 980 1826 commune
1003 1767 1062 1843 est,
1085 1761 1170 1844 quod
1192 1766 1328 1840 uterque

275 1875 383 1931 orator
405 1864 493 1946 dicit,
516 1865 543 1929 si
566 1863 642 1945 quid
666 1882 739 1928 reus
762 1868 873 1928 contra
896 1882 962 1928 rem
978 1863 1137 1946 publicam
1153 1866 1328 1946 peccasset,

276 1972 478 2034 accusatores
508 1985 570 2050 quo
603 1966 742 2047 quidque
772 1973 916 2049 tempore
945 1973 1110 2050 peccatum
1141 1973 1227 2033 esset
1254 1984 1328 2030 eum

276 2088 437 2135 arcessere
460 2069 624 2151 debuisse,
657 2076 691 2134 et
720 2070 766 2134 ita
797 2070 925 2152 quidem
957 2078 993 2136 ut
1016 2072 1061 2135 rei
1085 2070 1231 2151 publicae
1252 2088 1329 2134 vere

275 2173 456 2242 satisfieret.
508 2172 570 2239 Sed
599 2173 850 2256 quotiescunque
880 2175 1042 2241 accusatio
1072 2172 1180 2256 aliqua
1213 2172 1257 2237 sic
1292 2191 1329 2237 se

277 2275 384 2356 habet,
407 2276 502 2342 talem
527 2275 750 2342 refutationem
774 2296 835 2342 non
859 2275 1019 2342 difficilem
1035 2277 1154 2342 habere
1170 2275 1329 2355 excogita·

278 2379 405 2458 tionem,
428 2377 576 2444 sedisne
599 2378 670 2460 ipsa
692 2398 727 2445 re
750 2379 870 2444 oratori
892 2386 1020 2461 praesto
1044 2398 1112 2445 esse
1134 2384 1220 2462 puto.
1266 2377 1329 2442 De·

279 2481 473 2548 mostheuico
496 2488 583 2548 certe
605 2481 732 2564 ingenio
759 2483 801 2547 ad
832 2482 992 2565 hocopus
1022 2501 1083 2548 non
1111 2481 1209 2546 fuisse
1231 2500 1269 2546 en
1291 2498 1333 2545 eo

278 2590 422 2667 apparet,
444 2586 539 2666 quod,
561 2591 598 2648 ut
616 2586 682 2668 jam
706 2583 905 2651 Hartmanus
928 2586 1018 2665 vidit,
1041 2587 1125 2652 idem
1148 2585 1214 2652 iere
1235 2603 1333 2666 argu-

283 2693 422 2751 mentum
447 2687 479 2752 in
501 2688 547 2752 or.
570 2686 607 2752 V.
629 2686 703 2770 §61
727 2687 860 2771 iegitur:
884 2685 959 2769 ἐξὸν
980 2687 1041 2773 γαρ
1064 2681 1152 2775 αὐτῷ
1174 2686 1208 2753 έν
1231 2679 1335 2771 ἀγῶνι

283 2788 352 2854 κτλ.
375 2788 446 2872 (cfr.
469 2789 513 2853 VI
536 2791 556 2856 9
579 2782 681 2876 {iscipu
703 2813 739 2855 τε
761 2787 881 2878 ἐχθρὸν
908 2788 1161 2879 τιμωρήσασθαι
1190 2787 1245 2854 καὶ
1273 2786 1334 2876 τὴν

285 2887 384 2956 πόλιν
406 2882 575 2980 ὠφελῆσαι
597 2894 681 2960 etv
703 2896 743 2962 61
767 2890 807 2960 τό
827 2916 863 2958 τε
884 2888 971 2959 ἴδιον
999 2892 1038 2960 τὸ
1064 2889 1161 2960 αὑτοῦ
1182 2887 1333 2979 διαπρά-

283 2995 409 3076 ξασθαι
443 2993 499 3060 καὶ
530 2994 570 3083 τῇ
599 2992 697 3062 πόλει
726 3000 767 3085 τῇ
798 2992 937 3085 ὑμετέρᾳ
968 2993 1063 3081 χάριν
1094 2993 1332 3074 καταθέσθαι.)

281 3097 390 3164 Simile
412 3099 547 3182 denique
569 3099 689 3183 aliquid
712 3100 834 3166 habent
855 3101 954 3166 uerba
982 3094 1039 3165 έᾶν
1060 3095 1138 3184 ὑμῖν
1160 3093 1334 3188 ἡδομένοις

281 3201 325 3279 (d.
337 3200 421 3267 chor.
433 3202 465 3280 8)
481 3209 514 3267 et
529 3194 569 3267 tio
582 3200 794 3288 βουλομένοις
808 3195 935 3269 ἀκούειν
946 3194 966 3292 ᾗ
976 3200 1104 3280 τούτοις
1119 3205 1175 3285 (de
1187 3222 1250 3268 cur.
1263 3202 1332 3285 11).

280 3302 416 3385 Propter
438 3303 498 3369 hoc
519 3324 616 3370 unum
630 3312 746 3399 'autem
769 3325 808 3370 ex
831 3306 1076 3373 Demosthenico
1101 3306 1170 3372 ioco
1192 3305 1332 3370 alterum

281 3406 409 3471 fluxisse
427 3407 572 3488 iudicare
594 3408 799 3474 temerarium
821 3408 912 3474 foret.
942 3409 1046 3487 Quum
1063 3415 1230 3492 praeterea
1245 3408 1353 3491 quod·

282 3509 323 3573 ad
346 3509 553 3576 elocutionem
576 3512 702 3591 attinet,
724 3510 808 3577 locos
831 3510 1063 3578 diversissimos
1078 3530 1148 3579 esse
1164 3516 1332 3595 appareat,
1360 3524 1362 3533 ’

282 3617 408 3677 tanturn
431 3612 523 3678 abest
544 3620 581 3677 ut
603 3615 642 3679 de
664 3614 844 3680 imitatione
875 3616 1027 3699 cogitem,
1059 3622 1095 3681 ut
1124 3623 1157 3681 et
1188 3617 1333 3697 ipsarum

282 3734 388 3779 rerum
404 3715 615 3781 condicionem
632 3723 665 3781 et
679 3717 947 3804 προκατασκεοῆς
968 3724 1114 3784 naturam
1138 3717 1203 3784 fere
1222 3722 1334 3800 postu·

282 3817 366 3883 lasse
396 3834 539 3884 censeam
570 3821 655 3902 quod
686 3838 850 3885 commune
879 3820 1007 3885 habent.
1058 3820 1093 3885 In
1124 3823 1142 3904 ξ
1173 3824 1190 3888 7
1222 3827 1334 3886 autem

287 3921 479 4001 Wagonerus
511 3920 590 3989 haec
619 3941 743 4006 quoque
770 3922 869 3989 uerba
890 3924 1069 4004 vituperat:
1100 3919 1182 4012 ὅπερ
1208 3915 1333 3989 ἀδικέ-

283 4017 381 4096 τατόν
412 4019 483 4095 ἐστι
512 4027 577 4094 τῶν
607 4021 641 4091 έν
669 4016 880 4118 ἀνθρώποις,
914 4028 1031 4115 quibus
1060 4027 1249 4097 sententiam
1272 4028 1334 4095 ad·
