3100 4834
604 427 816 494 ..43-

180 595 332 662 adnotat:
355 597 494 680 „Carent
515 598 594 666 baec
609 601 751 682 apodosi‚
773 619 868 682 quam
885 602 955 686 ipse
970 610 1080 667 orator
1093 601 1235 669 omisisse

180 700 284 782 possit
312 702 432 782 videri,
471 704 722 769 enuntiationum
761 705 911 788 deinceps
947 706 1123 788 positarum
1154 705 1235 772 serie

181 809 409 884 properantem
440 803 603 872 fallente.“
650 807 733 872 Mihi
761 808 890 891 quidem
922 828 1022 891 neque
1052 807 1150 874 series
1180 807 1235 872 illa

182 905 282 972 nimia
317 925 386 972 esse
423 908 568 989 videtur,
606 928 706 992 neque
745 911 970 975 recurrendum
1011 929 1081 977 esse
1119 911 1161 975 ad
1196 910 1235 976 V.

182 1010 222 1092 ἓξ
248 1012 381 1092 11—12,
410 1010 463 1090 46,
494 1011 547 1077 VI.
569 1011 713 1087 45-46,
744 1012 800 1077 ubi
829 1032 849 1076 a
877 1013 1044 1096 proposita
1073 1018 1236 1079 structura

182 1113 334 1179 aberrant
356 1114 599 1180 enuntiationes.
631 1113 838 1196 Aliquantum
862 1115 944 1180 enim
968 1115 1101 1181 interest
1117 1115 1236 1198 siquid

182 1235 245 1281 non
269 1217 395 1295 dicitur,
418 1219 502 1300 quod
524 1225 595 1284 erat
617 1219 795 1299 dicendum,
818 1226 851 1283 et
872 1220 901 1284 si
922 1218 998 1300 quid
1022 1219 1117 1285 aliter
1138 1227 1236 1301 atque

181 1320 437 1400 exspectabatur.
486 1321 597 1402 Neque
630 1322 772 1398 Linderi,
812 1323 865 1405 qui
896 1318 932 1386 ἐκ
960 1316 1083 1387 τούτων
1112 1341 1170 1404 pro
1200 1320 1236 1404 ἐξ

182 1411 293 1508 ὧνπερ
316 1423 380 1503 legi
401 1423 482 1504 vult,
505 1426 685 1491 emendatio
708 1425 787 1490 mihi
809 1425 890 1491 satis
904 1425 1069 1508 probatur,
1093 1431 1236 1491 nontam

182 1526 268 1607 quod
291 1527 486 1608 Wagenerus
508 1548 577 1593 eam
600 1529 695 1595 nimis
717 1530 869 1594 audacem
894 1547 962 1595 esse
984 1533 1111 1608 monet,
1142 1549 1236 1612 quam

182 1630 270 1710 quod
301 1631 453 1711 ejusmodi
485 1633 635 1697 restituta
665 1632 815 1714 apodosis
845 1632 885 1697 ad
913 1633 1084 1699 secundam
1110 1636 1237 1697 tantum

181 1737 349 1815 protaseos
371 1738 496 1814 partem
521 1733 688 1800 referenda
710 1740 768 1814 est,
794 1754 833 1800 ex
855 1753 892 1800 eo
914 1753 1006 1814 vero,
1036 1736 1120 1818 quod
1144 1753 1237 1801 aecu-

182 1839 309 1901 satores
338 1832 383 1923 μὴ
415 1832 451 1899 ἕυ
481 1831 641 1922 προνοίας
669 1835 744 1922 μηδ’
778 1833 815 1901 ἐκ
843 1835 1051 1924 παρασκευῆς
1081 1834 1237 1921 γενέσθαι

182 1935 242 2002 τὸν
263 1932 409 2001 θάνατον
431 1940 616 2018 concedunt,
640 1940 719 2004 nihil
741 1938 887 2005 efficitur.
931 1940 1052 2006 Eadem
1076 1941 1117 2005 de
1140 1958 1238 2005 causa

182 2060 286 2123 neque
309 2040 478 2106 Hartmani
502 2042 660 2107 sententia
680 2042 795 2124 placet,
818 2042 872 2126 qui
895 2046 970 2108 ante
992 2038 1030 2123 ἐξ
1052 2033 1161 2127 ὧνπερ
1184 2061 1237 2107 ex·

184 2143 303 2208 cidisse
333 2162 425 2225 posse
456 2144 503 2209 ait
534 2145 707 2227 quaedam,
739 2164 842 2226 neque
871 2144 1028 2211 Goelkelii
1057 2145 1187 2225 (Beitrr.
1210 2168 1237 2211 z.

184 2238 308 2329 Syntax
331 2248 364 2310 d.
386 2247 480 2311 Verb.
503 2267 533 2313 u.
557 2248 586 2313 d.
610 2247 786 2331 Satzbildg.
810 2247 838 2312 b.
859 2248 893 2311 d.‘
910 2249 1010 2313 Redn.
1034 2249 1084 2330 A„
1114 2248 1238 2313 Passau

183 2350 281 2430 1883,
312 2368 345 2430 p.
365 2347 432 2431 45),
462 2351 515 2430 qui
546 2351 698 2431 apoduein
722 2369 741 2415 a
764 2349 871 2416 verbis
892 2347 950 2414 καὶ
971 2344 1074 2427 εἴτις
1095 2347 1140 2438 μὴ
1161 2342 1236 2414 ἄδι-

182 2454 306 2517 κοῦυτα
341 2450 410 2516 ττλ.
447 2453 587 2534 incipere
624 2453 813 2535 suspicatur.
866 2453 938 2517 Jam
976 2453 1124 2517 Reislrius
1157 2453 1239 2518 vidit

183 2555 339 2636 apodosin
362 2555 480 2620 deesse.
526 2554 674 2621 Ceterum
699 2556 803 2621 nescio
831 2557 885 2638 qui
906 2556 956 2620 vir
978 2555 1091 2621 doctus
1112 2556 1239 2637 egregie
1322 2566 1324 2569 ’

184 2655 264 2720 mihi
288 2658 456 2738 conjecisse
478 2658 621 2737 videtur,
655 2658 687 2722 in
712 2659 730 2740 ξ
756 2659 796 2724 18
818 2662 893 2722 ante
917 2645 962 2719 ὧν
983 2652 1028 2745 μή
1049 2653 1131 2722 εἰσιν
1152 2653 1238 2746 μάρ-

183 2782 278 2843 τυρες
294 2778 401 2827 vocem
415 2757 473 2824 καὶ
488 2760 716 2826 restituendam
733 2779 811 2826 esse.
848 2760 956 2826 Verba
971 2761 1053 2825 enim
1070 2753 1182 2826 ὁπόσα
1196 2798 1239 2806 -

184 2859 407 2945 βουλευθέντα
429 2868 495 2928 tam
520 2868 590 2929 arte
613 2864 779 2944 conjuncta
808 2882 878 2929 esse
905 2862 983 2927 mibi
1006 2863 1172 2944 videntur,
1202 2869 1239 2928 ut

187 2983 249 3029 non
282 2965 363 3031 duas
393 2985 443 3031 res
474 2966 528 3032 sed
560 2983 655 3030 unam
686 2966 880 3048 eandemque
915 2963 1085 3046 definiant3
1117 2964 1239 3031 scilicet

186 3062 347 3153 πράττειν
368 3069 428 3134 hoc
450 3068 518 3133 loco
540 3067 606 3133 iere
628 3068 712 3133 idem
734 3067 890 3148 estquod
914 3067 1089 3132 machinari
1108 3067 1158 3132 vel
1175 3087 1239 3134 me-

186 3170 296 3236 ditari.
340 3169 444 3236 Aliter
472 3171 554 3235 enim
582 3168 790 3250 probabiliter
821 3176 895 3235 ante
916 3166 1136 3251 βουλευθέντα
1161 3170 1239 3235 arti·

75 3352 79 3361 .
188 3273 295 3340 culum
319 3268 362 3336 τά
383 3290 592 3357 posceremus.
638 3271 731 3348 Quod
759 3270 786 3336 si
809 3272 857 3336 ita
878 3275 944 3353 est,
973 3272 1105 3338 verbnm
1128 3268 1240 3360 λάθρᾳ

186 3376 259 3442 illa:
291 3366 336 3439 ὧν
367 3370 412 3461 μή
441 3370 505 3440 εἶσι
533 3370 694 3459 μάρτυρες
722 3381 759 3439 ut
790 3374 893 3439 otiosa
921 3371 988 3439 fere
1018 3393 1077 3440 non
1106 3377 1238 3458 patitur.

186 3480 311 3560 injecta
333 3486 438 3543 autem
461 3497 537 3543 voce
560 3472 617 3541 κατ’
638 3476 717 3542 baec
739 3494 798 3541 ooo
819 3477 884 3557 jam
908 3476 1010 3543 otiosa
1031 3479 1088 3543 sed
1118 3498 1175 3560 per
1204 3497 1239 3544 se

187 3582 406 3662 intellegenda
427 3587 512 3661 sunt
542 3584 575 3645 et
596 3579 715 3645 facta
737 3579 935 3645 clandestina
957 3580 1147 3661 significant.
1190 3580 1240 3645 Si·

189 3685 256 3750 mul
286 3685 410 3767 optima
441 3682 636 3749 concinnitas
667 3683 850 3748 restituitur
883 3700 953 3746 cum
987 3684 1005 3765 ξ
1038 3684 1093 3750 19:
1130 3677 1241 3748 ὁπόσα

189 3784 250 3872 μέν
274 3823 315 3833 —
338 3781 424 3852 ὅπου
446 3783 483 3851 δὲ
506 3788 637 3873 πρῶτον
658 3781 737 3867 μους
765 3781 822 3848 καὶ
849 3774 895 3849 ὧν
922 3778 967 3872 μή
988 3822 1031 3831 -
1052 3780 1168 3851 ἔπειτα
1198 3782 1240 3850 τὰ

189 3885 394 3976 πραχθέντα.
447 3889 583 3971 Propter
613 3888 695 3952 hanc
728 3895 836 3954 autem
864 3888 966 3970 ipsam
997 3888 1240 3953 concinnitatem

189 3994 221 4057 in
253 3993 272 4075 ξ
296 3992 337 4056 19
368 3990 616 4058 desideraverim
647 3990 818 4071 apodosin,
851 4008 915 4071 qua
945 4008 1005 4055 non
1035 3990 1075 4054 de
1104 3990 1241 4056 testibus

190 4095 294 4163 solum
323 4094 423 4163 verba
452 4093 550 4175 fiant,
578 4095 636 4160 sed
664 4093 697 4157 in
727 4092 907 4159 universum
937 4093 1063 4159 dicatur
1091 4091 1157 4159 fere
1180 4111 1240 4158 non
