3100 4834
650 379 861 444 ,39-

228 543 294 624 illa,
325 546 408 612 sicut
431 549 517 630 apud
541 548 768 631 Antiphontem
792 550 880 616 haud
903 568 975 615 raro
997 549 1043 629 fit,
1075 571 1133 617 non
1158 559 1223 619 tarn
1247 553 1279 619 in

229 669 264 713 ro
286 668 381 732 quam
404 651 437 715 in
459 650 566 719 verbis
594 659 759 734 versatur,
791 673 888 737 quum
919 659 953 719 et
975 648 993 717 ὃ
1014 650 1226 739 εἰργασμένος
1248 663 1281 722 et

228 745 246 817 ὁ
268 748 314 837 μὴ
334 747 453 834 ἔνοχος,
475 755 503 820 si
525 756 726 822 condemnati
747 757 826 839 sint,
854 757 939 822 idem
961 757 1145 839 patiantur,
1178 779 1280 843 neque

228 855 329 938 igitur
350 854 408 942 τὴν
437 853 529 944 δίκην
556 855 601 946 μὴ
632 855 849 946 παραβαίνειν
875 860 964 925 aliud
994 859 1151 941 significet
1183 881 1279 945 quam

228 961 276 1044 τῷ
297 954 387 1044 νόμῳ
409 964 563 1048 χρῆσθαι.
606 962 717 1045 Neque
747 964 812 1029 ista
842 962 1053 1036 concinnitate
1079 963 1206 1031 sublata
1228 982 1280 1029 co·

228 1061 394 1142 gitatiouis
422 1066 500 1130 ordo
530 1066 630 1132 deest.
675 1067 780 1146 Quum
803 1065 885 1132 euim
908 1065 940 1129 in
962 1085 1007 1131 or.
1030 1065 1068 1132 V.
1098 1067 1203 1132 verbis
1224 1063 1280 1131 ταὶ

229 1156 336 1242 οὐδείς
356 1165 425 1232 κτλ.
446 1168 583 1249 primum
608 1170 648 1233 de
670 1168 796 1233 homine
818 1168 952 1248 insonte,
982 1168 1097 1234 deiude
1119 1170 1159 1235 de
1181 1170 1280 1236 male·

229 1265 289 1333 fico
318 1269 514 1351 disseratur,
553 1291 656 1338 nonne
684 1271 761 1337 item
791 1271 823 1335 in
854 1271 914 1336 hac
943 1278 1111 1337 accusatus
1143 1272 1280 1353 primum

229 1375 350 1451 quauta
373 1372 417 1438 sit
435 1373 548 1455 judicii
571 1379 604 1439 et
626 1374 732 1456 legum
755 1374 804 1438 vis
825 1374 980 1439 adversus
996 1373 1113 1454 injuste
1135 1375 1281 1439 condem·

228 1479 340 1538 natum
364 1477 514 1557 ostendit,
537 1476 652 1542 deinde
674 1477 797 1542 verbis:
819 1470 979 1562 τοσαύτην
992 1470 1053 1563 γάρ
1068 1475 1138 1540 κτλ.
1161 1482 1281 1559 quanta

228 1577 385 1643 adversus
407 1579 623 1645 homicidam?
666 1581 710 1645 At
739 1581 779 1645 de
807 1578 865 1644 tali
887 1583 1012 1643 tautum
1035 1578 1193 1645 homicida
1216 1580 1281 1645 dis-

228 1680 317 1760 serit,
339 1680 393 1762 qui
415 1682 588 1749 arcessitus
610 1702 671 1748 non
693 1682 746 1748 sit.
785 1683 891 1762 Atque
913 1680 973 1746 hoc
995 1681 1066 1762 ipso
1089 1686 1157 1746 tum
1180 1682 1281 1747 multo

228 1784 332 1864 magis
353 1783 535 1851 illustratur
557 1786 662 1868 logum
684 1785 870 1859 auctoritas,
901 1790 969 1849 tum
992 1783 1182 1867 explanatur
1203 1785 1281 1868 quid

228 1885 273 1950 sit
294 1889 453 1952 νικᾶσθαι
474 1887 533 1968 τοῦ
556 1880 701 1975 ἀληθοῦς
723 1880 785 1952 κᾶν
805 1883 850 1975 μὴ
873 1880 1101 1974 ὃτιμωρήσαιν
1122 1878 1160 1973 ᾖ,
1183 1887 1281 1953 verba

228 1987 262 2052 iu
284 2007 329 2054 or.
350 1990 389 2056 V.
412 2008 488 2056 sane
510 1990 663 2058 difficilia.
706 1991 822 2072 Itaque
852 1989 937 2054 huuc
965 1988 1068 2055 locum
1100 2007 1201 2071 neque
1226 1991 1281 2056 de-

229 2091 331 2156 terius
352 2093 407 2157 illo
429 2094 641 2177 excogitatum
666 2100 698 2159 et
720 2094 823 2176 magis
853 2093 950 2159 etiam
979 2091 1181 2174 perspicuum
1211 2110 1281 2158 esse

230 2193 488 2261 existimaverim.
522 2196 622 2263 Immo
645 2195 770 2263 facilins
793 2195 952 2279 quispiam
969 2193 1086 2283 verbar
1104 2191 1160 2258 καὶ
1175 2186 1282 2270 οὐδεὶς

231 2289 271 2360 ιἰἱν
293 2333 335 2343 -
357 2294 553 2388 τιμωρήσων
573 2292 593 2388 ᾗ
615 2300 647 2365 in
670 2318 714 2365 or.
736 2300 793 2366 VI.
815 2298 1010 2380 interpolata
1032 2315 1102 2364 esse
1124 2298 1281 2380 suspicari

229 2401 358 2480 poterit.
402 2401 437 2465 In
462 2401 576 2486 quibus
605 2410 639 2468 et
667 2401 747 2468 nihil
779 2411 827 2467 est
850 2402 937 2483 quod
958 2408 1054 2466 antea
1077 2400 1197 2466 dictum
1220 2419 1280 2465 non
1334 2448 1336 2452 -

227 2503 281 2583 sit,
310 2509 344 2568 et
365 2506 469 2571 oratio
490 2511 564 2588 post
585 2506 688 2572 locum
711 2507 766 2588 qui
790 2511 838 2570 ast
867 2506 907 2571 de
938 2523 995 2586 spe
1025 2502 1163 2568 humana
1184 2501 1280 2585 paulo

229 2607 397 2674 molestius
419 2614 632 2690 retorquetur.
660 2608 799 2674 Maxime
814 2615 974 2688 repugnat
989 2606 1164 2687 Wagenero
1180 2604 1280 2670 Hart-

227 2727 341 2774 mauus
362 2710 418 2791 qui
439 2709 523 2777 hunc
545 2710 682 2776 alterum
704 2709 808 2776 locum
831 2727 1025 2774 communem
1050 2707 1103 2791 (ἐξ
1125 2708 1225 2789 3-6)
1248 2707 1279 2770 iu

227 2830 274 2877 or.
289 2812 345 2878 VI.
367 2814 548 2896 genuinum,
569 2813 602 2878 in
624 2832 669 2879 or.
688 2815 725 2882 V.
749 2832 823 2882 vero
845 2811 1072 2895 interpolatum
1096 2828 1166 2876 esse
1188 2812 1281 2876 docet

227 2915 290 2981 sic:
314 2916 386 2995 „hic
401 2917 445 2998 (in
461 2933 506 2982 or.
521 2915 572 2999 V.)
591 2936 665 2985 reus
687 2911 883 3001 κακουργίας
904 2915 1039 2994 citatur3
1062 2931 1138 2996 ergo
1155 2912 1280 2995 judices

228 3023 321 3099 orat,
351 3022 388 3084 ut
420 3039 456 3086 se
485 3019 545 3086 hoc
574 3020 705 3087 crimine
735 3021 917 3099 absolvant,
947 3036 1009 3100 quo
1040 3015 1152 3082 melius
1180 3016 1282 3097 possit

228 3116 332 3207 φόνου
350 3122 503 3204 jndioium
527 3123 652 3204 subire;
679 3123 852 3189 absurdum
875 3127 980 3187 autem
1004 3125 1089 3187 esset
1107 3119 1173 3201 jam
1196 3137 1279 3184 nuno

223 3224 350 3307 Judices
372 3227 542 3293 admouere
565 3226 605 3291 da
627 3227 659 3290 vi
682 3223 955 3292 condemnationis
971 3224 1003 3288 in
1020 3216 1123 3307 φόνου
1139 3221 1278 3303 judicio:

228 3333 336 3409 potest
358 3328 417 3394 hoc
439 3333 662 3410 argumentum
684 3329 717 3394 iu
739 3327 827 3393 aliud
850 3331 976 3408 tempus
998 3328 1193 3392 reservare.“
1236 3327 1279 3388 At

229 3448 435 3514 quaecunque
456 3431 552 3513 hujus
575 3432 709 3498 actionis
731 3430 833 3497 forma
855 3433 914 3507 est,
946 3428 1018 3511 quis
1040 3433 1090 3493 est
1112 3427 1186 3509 quin
1210 3428 1279 3509 ejus

224 3532 391 3614 Judicium,
413 3534 440 3599 si
463 3533 660 3614 condemnet,
690 3554 751 3599 nou
774 3533 878 3597 miuus
899 3530 1106 3614 irreparabile
1127 3536 1160 3595 et
1182 3548 1279 3612 graue

228 3654 299 3702 esse
321 3635 430 3702 videat
451 3654 546 3718 quam
569 3637 655 3720 quod
677 3637 801 3702 feratur
822 3638 855 3701 iu
871 3630 973 3721 φόνον
987 3635 1135 3700 actione?
1168 3632 1279 3715 Neque

228 3757 325 3820 quum
349 3738 386 3803 V.
411 3739 429 3822 ξ
451 3739 492 3807 87
516 3758 589 3804 reus
619 3740 698 3806 dicit
729 3735 857 3825 ,,φόνοο
886 3733 1003 3827 δίτῃ“,
1037 3736 1068 3800 in
1102 3734 1279 3800 nominibus

229 3841 424 3907 haerendum
448 3860 517 3908 esse
538 3848 627 3925 puto,
650 3842 842 3923 minimeque
864 3841 896 3906 in
915 3840 993 3906 locis
1008 3838 1234 3904 communibus.

293 3945 383 4011 Inter
412 3945 451 4029 ἕξ
482 3945 585 4011 7-11
620 3950 654 4010 et
687 3945 776 4011 Deru.
808 3946 848 4010 de
882 3963 944 4010 cor.
979 3942 1018 4026 ἓξ
1051 3941 1178 4005 11-14
1209 3942 1276 4022 J'am

229 4046 417 4138 Spengeiius
431 4054 465 4115 et
480 4048 623 4119 Blassius
637 4046 876 4121 similitudinem
899 4046 1059 4135 quandam
1082 4043 1278 4116 intercedere
