3100 4834
634 426 847 493 ..27-

218 599 400 667 accuratius
423 605 607 683 enarratur,
637 600 820 689 testimonia
848 599 935 664 nulla
965 596 1175 681 proferuntur.
1221 592 1269 659 dn

216 709 267 768 cst
290 704 443 786 ejusmodi
466 721 552 785 pars,
585 722 648 785 qua
670 709 861 785 argumenta
882 721 964 786 quae
985 703 1053 783 jam
1076 698 1175 773 allata
1196 704 1271 763 sunt

215 807 408 889 colligantur
429 817 462 872 et
491 806 715 872 cumulentur?
759 805 823 871 Sed
853 806 894 870 de
924 803 1069 887 pluribus
1099 802 1194 867 rebus
1224 800 1270 864 ibi

199 910 333 991 agitur,
363 927 457 991 quarn
481 926 563 991 quae
586 908 740 975 hactenus
761 915 870 974 orator
900 907 997 986 dixit;
1036 906 1143 986 agitur
1172 905 1269 970 eclam

216 1015 258 1078 de
280 1012 463 1077 Philocrate
485 1030 627 1092 nupera
649 1011 765 1093 potetis
798 1016 831 1076 et
860 1010 991 1093 peristis
1015 1014 1048 1074 et
1069 1007 1271 1090 praetoribus

215 1123 376 1197 corrupto.
413 1115 499 1197 Ergo
522 1115 599 1179 mihi
622 1116 641 1197 8
662 1114 705 1180 48
728 1123 814 1180 certe
836 1113 992 1195 quaedam
1014 1111 1173 1194 prothesis
1188 1129 1271 1191 quae

214 1223 349 1285 vocatur
371 1236 439 1283 esse
462 1219 609 1299 videtur,
639 1218 725 1299 quali
748 1217 910 1299 Antiphon
932 1223 965 1281 et
987 1216 1018 1280 in
1038 1216 1076 1280 V.
1100 1220 1133 1279 et
1155 1214 1187 1278 in
1210 1214 1270 1278 hac

217 1320 373 1397 oratione,
394 1321 449 1387 ubi
471 1322 513 1384 ad
535 1338 650 1385 novum
666 1320 910 1403 argumentandi
931 1319 1034 1385 locum
1050 1318 1177 1397 transit,
1199 1336 1270 1382 sae·

218 1423 295 1504 pius
318 1422 420 1487 utitur
442 1421 511 1500 (cfr.
527 1422 565 1487 V.
590 1424 619 1500 8,
645 1424 693 1501 19,
717 1423 768 1499 60,
792 1421 929 1502 74-76,
951 1421 1003 1500 81,
1024 1420 1079 1485 VI.
1095 1419 1188 1498 7-8,
1203 1420 1270 1502 33).

216 1528 322 1605 Quum
348 1525 416 1605 jam
438 1524 587 1590 Reislrius
618 1525 649 1590 iu
683 1523 766 1606 849
797 1524 918 1605 aliquid
951 1524 1060 1589 deesse
1091 1523 1271 1603 suspicatus

215 1629 269 1708 sit,
291 1631 388 1709 atque
405 1628 597 1710 Wagenerus
618 1627 694 1709 848
716 1628 825 1708 potius
844 1631 921 1707 post
942 1627 980 1708 88
996 1625 1039 1691 50
1054 1630 1087 1690 et
1101 1624 1141 1689 51
1166 1625 1269 1690 locum

215 1748 309 1794 suum
333 1729 451 1795 habere
474 1730 578 1810 dicat,
611 1730 695 1812 quod
726 1729 781 1794 ubi
812 1728 868 1793 illa
896 1747 978 1794 nune
1007 1728 1050 1793 sit
1072 1729 1154 1793 male
1175 1747 1271 1811 argu·

217 1837 378 1898 mentetur
400 1833 512 1912 oratio,
534 1833 598 1898 isto
621 1833 712 1897 modo
729 1850 838 1897 eorum
853 1832 1030 1898 sententias
1046 1832 1270 1914 temperandas

216 1954 288 2003 esse
317 1936 574 2002 existimaverim.
618 1936 728 2018 Neque
759 1935 843 2017 849
864 1941 940 2016 apte
962 1936 1004 1999 ad
1035 1936 1053 2017 8
1075 1934 1116 1998 47
1139 1933 1290 2015 adjungi·

215 2044 340 2122 potest,
379 2057 481 2119 neque
511 2038 593 2121 848
628 2038 754 2102 omuino
788 2042 1038 2118 argumentatur.
1082 2037 1206 2103 Etenim
1242 2036 1271 2100 si

212 2142 282 2222 Jam
315 2141 547 2222 perlustramus
576 2142 594 2224 8
625 2141 668 2207 48
700 2141 816 2206 verba:
854 2135 963 2204 καίτοι
994 2136 1024 2205 εἰ
1055 2137 1157 2226 μηδὲν
1190 2134 1270 2204 tato

217 2237 298 2328 μήτε
328 2234 426 2308 εἷπον
451 2238 531 2329 μήτε
562 2236 718 2329 ἀπέφηνα
748 2238 829 2330 μήτε
859 2242 1026 2326 μάρτυρας
1048 2238 1267 2328 παρεσχόμην,

219 2339 306 2411 ἄλλα
337 2338 447 2429 [αὐτοὶ]
477 2347 579 2409 ταῦτα
606 2340 685 2430 ὑμῖν
713 2337 892 2427 ἀπέδειξα,
926 2342 1058 2422 τούτους
1091 2340 1178 2411 ὅπου
1210 2344 1271 2429 μέν

214 2442 365 2535 χρήματα
387 2444 584 2532 λαμβάνοιεν
606 2443 660 2513 ἐπ’
683 2445 772 2532 ἐμοὶ,
808 2445 1021 2532 αἰτιωμένους
1045 2447 1102 2514 καὶ
1125 2470 1270 2535 προαγο-

217 2547 388 2638 ρεύοντος,
422 2545 508 2617 ὅπου
530 2550 568 2616 δέ
588 2550 634 2636 μὴ
655 2545 705 2636 εἴη
726 2546 744 2616 ὁ
768 2547 900 2631 δώσων,
934 2548 1088 2629 συνόντας
1118 2550 1175 2616 καὶ
1196 2550 1270 2616 dru-

218 2651 428 2738 λεγομένους,
463 2649 558 2718 ἱκανά
579 2645 616 2741 tp
637 2652 695 2718 καὶ
715 2646 804 2719 αὐτοὶ
833 2658 934 2719 ταῦτα
957 2647 1161 2733 ἀκούσαντας
1182 2647 1271 2720 ἀντο-

218 2753 439 2844 ψηφίσασθαι
461 2754 518 2821 καὶ
539 2752 673 2833 τούτους
691 2753 837 2841 νομίζειν
852 2754 1108 2842 έπιορκοτυὶτους
1123 2757 1180 2825 καὶ
1194 2751 1271 2826 ἀνο-

218 2856 398 2936 σιωτάτους
408 2855 542 2924 πάντων
553 2854 750 2945 ἀνθρώπων,
764 2863 894 2927 modum
906 2862 1085 2942 optativum
1093 2880 1155 2944 quo
1164 2867 1272 2927 orator

218 2963 322 3027 utitur
343 2962 529 3028 iterativum
552 2980 645 3045 quern
668 2970 782 3028 vocant
805 2981 873 3028 esse
896 2972 1047 3045 apparet,
1079 2982 1176 3046 quum
1199 2972 1272 3046 post

217 3064 350 3130 Diodoti
372 3072 506 3130 mortem
531 3071 731 3131 accusatores
761 3065 811 3132 bis
839 3064 1041 3131 familiariter
1063 3067 1201 3151 chorago
1224 3068 1273 3133 usi

218 3169 293 3249 sint,
316 3169 453 3250 primum
476 3166 627 3249 proximis
648 3174 722 3250 post
745 3175 879 3233 mortem
902 3167 1030 3251 diebus,
1062 3169 1272 3252 deindepost

218 3270 522 3349 reconciliationem,
552 3270 601 3335 bis
631 3272 726 3336 etiarn
760 3278 795 3334 ut
825 3289 897 3335 eum
929 3290 1015 3335 reum
1047 3270 1187 3337 lacerent
1216 3292 1273 3355 pe·

218 3374 344 3441 cuniam
360 3372 550 3454 acceperint,
572 3374 710 3454 primurn
726 3374 766 3438 ab
783 3373 944 3438 Aristione
959 3380 991 3439 et
1005 3374 1141 3456 Philiuo,
1162 3395 1271 3458 nuper,

221 3485 257 3542 ut
280 3478 298 3559 8
321 3476 364 3540 49
388 3475 513 3554 dicitur,
542 3494 560 3539 a
583 3476 723 3557 peristis,
754 3476 882 3558 potetis,
911 3478 1121 3559 praetoribus.
1166 3479 1272 3562 Atque

221 3582 281 3646 hoc
304 3580 407 3661 ipsum
438 3579 521 3660 848
553 3579 716 3660 prothesin
748 3597 818 3644 esse
846 3580 978 3662 probat,
1009 3583 1092 3661 quod
1123 3600 1205 3664 quae
1234 3600 1273 3645 ea

220 3685 388 3763 dicuntur,
427 3701 466 3747 ex
496 3683 536 3746 iis
566 3701 648 3765 quae
677 3682 915 3764 subsequuntur
944 3684 1160 3767 intellegenda
1188 3691 1272 3748 sunt.

220 3786 342 3867 Quodsi
373 3791 579 3865 utrarumque
613 3785 800 3852 insidiarum
843 3787 1017 3852 narrationi
1053 3793 1175 3852 tantam
1208 3786 1271 3852 vim

220 3888 334 3954 tribuit
363 3893 488 3969 orator,
520 3896 556 3953 ut
587 3889 692 3971 ipsum
722 3890 840 3955 crimen
864 3889 965 3955 retelli
988 3909 1049 3955 non
1072 3907 1152 3973 opus
1173 3889 1272 3955 tuisse

220 3992 324 4071 dicat,
356 3991 553 4057 censebimus
586 4009 656 4056 eum
687 4000 851 4076 tamquam
883 3994 914 4058 iu
945 3994 1060 4059 mediis
1082 3992 1177 4057 rebus
1198 3990 1272 4056 sub·

220 4094 357 4164 sistere?
400 4093 470 4164 Nisi
491 4094 575 4163 forte
595 4114 668 4165 eum
691 4096 737 4166 sic
759 4095 826 4164 iere
849 4098 954 4165 dicere
976 4103 1087 4183 putas:
1121 4094 1176 4161 illa
1205 4094 1273 4160 sola
