<?xml version="1.0" encoding="UTF-8"?>
<!DOCTYPE html PUBLIC "-//W3C//DTD XHTML 1.0 Transitional//EN"
    "http://www.w3.org/TR/xhtml1/DTD/xhtml1-transitional.dtd">
<html xmlns="http://www.w3.org/1999/xhtml" xml:lang="en" lang="en">
 <head>
  <title>
</title>
<meta http-equiv="Content-Type" content="text/html;charset=utf-8" />
  <meta name='ocr-system' content='tesseract 3.04.00' />
  <meta name='ocr-capabilities' content='ocr_page ocr_carea ocr_par ocr_line ocrx_word'/>
</head>
<body>
  <div class='ocr_page' id='page_1' title='image "./deantiphontisor00bringoog_0047.png"; bbox 0 0 3100 4834; ppageno 0'>
   <div class='ocr_carea' id='block_1_1' title="bbox 543 366 814 467">
    <p class='ocr_par' dir='ltr' id='par_1_1' title="bbox 543 366 814 467">
     <span class='ocr_line' id='line_1_1' title="bbox 543 366 814 467; baseline -0.007 -3"><span class='ocrx_word' id='word_1_1' title='bbox 543 366 814 467; x_wconf 57' lang='lat'>&#39;-41‚-</span> 
     </span>
    </p>
   </div>
   <div class='ocr_carea' id='block_1_2' title="bbox 175 564 1277 4151">
    <p class='ocr_par' dir='ltr' id='par_1_2' title="bbox 179 564 1234 1783">
     <span class='ocr_line' id='line_1_2' title="bbox 181 564 1232 650; baseline 0.005 -20"><span class='ocrx_word' id='word_1_2' title='bbox 181 564 308 631; x_wconf 91' lang='lat' dir='ltr'>modurn</span> <span class='ocrx_word' id='word_1_3' title='bbox 332 566 439 632; x_wconf 82' lang='lat' dir='ltr'><strong>tritam</strong></span> <span class='ocrx_word' id='word_1_4' title='bbox 464 585 501 632; x_wconf 88' lang='lat' dir='ltr'>ac</span> <span class='ocrx_word' id='word_1_5' title='bbox 524 566 686 647; x_wconf 70' lang='lat' dir='ltr'>vulgarem</span> <span class='ocrx_word' id='word_1_6' title='bbox 717 567 852 650; x_wconf 88' lang='lat' dir='ltr'>proferri</span> <span class='ocrx_word' id='word_1_7' title='bbox 884 568 939 634; x_wconf 88' lang='lat' dir='ltr'>ait.</span> <span class='ocrx_word' id='word_1_8' title='bbox 984 570 1048 636; x_wconf 83' lang='lat' dir='ltr'>Cur</span> <span class='ocrx_word' id='word_1_9' title='bbox 1070 586 1130 633; x_wconf 90' lang='lat' dir='ltr'>nou</span> <span class='ocrx_word' id='word_1_10' title='bbox 1154 566 1232 635; x_wconf 85' lang='lat' dir='ltr'>dicit</span> 
     </span>
     <span class='ocr_line' id='line_1_3' title="bbox 181 669 1232 753; baseline 0.004 -19"><span class='ocrx_word' id='word_1_11' title='bbox 181 669 363 752; x_wconf 81' lang='lat' dir='ltr'>simplicem,</span> <span class='ocrx_word' id='word_1_12' title='bbox 394 689 458 753; x_wconf 89' lang='lat' dir='ltr'>qua</span> <span class='ocrx_word' id='word_1_13' title='bbox 488 671 680 752; x_wconf 78' lang='lat' dir='ltr'>depingatur</span> <span class='ocrx_word' id='word_1_14' title='bbox 708 676 830 736; x_wconf 91' lang='lat' dir='ltr'>rectum</span> <span class='ocrx_word' id='word_1_15' title='bbox 863 677 896 737; x_wconf 87' lang='lat' dir='ltr'>et</span> <span class='ocrx_word' id='word_1_16' title='bbox 927 671 1060 753; x_wconf 87' lang='lat' dir='ltr'>probum</span> <span class='ocrx_word' id='word_1_17' title='bbox 1090 675 1232 740; x_wconf 85' lang='lat' dir='ltr'>accusati</span> 
     </span>
     <span class='ocr_line' id='line_1_4' title="bbox 181 773 1232 856; baseline 0.002 -19"><span class='ocrx_word' id='word_1_18' title='bbox 181 773 365 854; x_wconf 78' lang='lat' dir='ltr'><strong>ingenium?</strong></span> <span class='ocrx_word' id='word_1_19' title='bbox 407 773 460 838; x_wconf 91' lang='lat' dir='ltr'>Ita</span> <span class='ocrx_word' id='word_1_20' title='bbox 483 774 628 855; x_wconf 84' lang='lat' dir='ltr'>equidem</span> <span class='ocrx_word' id='word_1_21' title='bbox 648 774 794 856; x_wconf 90' lang='lat' dir='ltr'>judicare</span> <span class='ocrx_word' id='word_1_22' title='bbox 819 775 937 841; x_wconf 88' lang='lat' dir='ltr'>malim.</span> <span class='ocrx_word' id='word_1_23' title='bbox 982 775 1045 841; x_wconf 89' lang='lat' dir='ltr'>Sed</span> <span class='ocrx_word' id='word_1_24' title='bbox 1078 774 1117 839; x_wconf 92' lang='lat' dir='ltr'>de</span> <span class='ocrx_word' id='word_1_25' title='bbox 1147 776 1232 856; x_wconf 89' lang='lat' dir='ltr'>ejus-</span> 
     </span>
     <span class='ocr_line' id='line_1_5' title="bbox 181 875 1231 959; baseline 0.001 -19"><span class='ocrx_word' id='word_1_26' title='bbox 181 876 264 941; x_wconf 84' lang='lat' dir='ltr'>modi</span> <span class='ocrx_word' id='word_1_27' title='bbox 299 875 394 942; x_wconf 90' lang='lat' dir='ltr'>rebus</span> <span class='ocrx_word' id='word_1_28' title='bbox 428 876 586 959; x_wconf 89' lang='lat' dir='ltr'>disputari</span> <span class='ocrx_word' id='word_1_29' title='bbox 618 896 678 941; x_wconf 90' lang='lat' dir='ltr'>nou</span> <span class='ocrx_word' id='word_1_30' title='bbox 711 882 827 959; x_wconf 88' lang='lat' dir='ltr'>potest.</span> <span class='ocrx_word' id='word_1_31' title='bbox 877 877 980 954; x_wconf 85' lang='lat' dir='ltr'>Quum</span> <span class='ocrx_word' id='word_1_32' title='bbox 1014 877 1114 958; x_wconf 86' lang='lat' dir='ltr'>igitur</span> <span class='ocrx_word' id='word_1_33' title='bbox 1147 877 1231 943; x_wconf 89' lang='lat' dir='ltr'>idem</span> 
     </span>
     <span class='ocr_line' id='line_1_6' title="bbox 180 972 1229 1068; baseline 0 -24"><span class='ocrx_word' id='word_1_34' title='bbox 180 980 298 1044; x_wconf 86' lang='lat' dir='ltr'>sentiat</span> <span class='ocrx_word' id='word_1_35' title='bbox 320 980 370 1045; x_wconf 86' lang='lat' dir='ltr'>vir</span> <span class='ocrx_word' id='word_1_36' title='bbox 392 979 505 1045; x_wconf 87' lang='lat' dir='ltr'>doctus</span> <span class='ocrx_word' id='word_1_37' title='bbox 526 980 567 1045; x_wconf 88' lang='lat' dir='ltr'>de</span> <span class='ocrx_word' id='word_1_38' title='bbox 589 980 710 1046; x_wconf 83' lang='lat' dir='ltr'>verbis:</span> <span class='ocrx_word' id='word_1_39' title='bbox 738 978 795 1044; x_wconf 81' lang='grc' dir='ltr'>καὶ</span> <span class='ocrx_word' id='word_1_40' title='bbox 817 972 875 1046; x_wconf 77' lang='lat' dir='ltr'>or’ra</span> <span class='ocrx_word' id='word_1_41' title='bbox 897 975 1086 1064; x_wconf 75' lang='grc' dir='ltr'><em>ἐλέγξαπες</em></span> <span class='ocrx_word' id='word_1_42' title='bbox 1107 1020 1149 1028; x_wconf 99' lang='grc'>-</span> <span class='ocrx_word' id='word_1_43' title='bbox 1172 978 1229 1068; x_wconf 72' lang='grc' dir='ltr'>γῆς</span> 
     </span>
     <span class='ocr_line' id='line_1_7' title="bbox 179 1076 1232 1168; baseline 0.002 -23"><span class='ocrx_word' id='word_1_44' title='bbox 179 1076 305 1168; x_wconf 72' lang='grc' dir='ltr'><strong><em>ταύτης,</em></strong></span> <span class='ocrx_word' id='word_1_45' title='bbox 331 1081 432 1148; x_wconf 84' lang='lat' dir='ltr'>refelli</span> <span class='ocrx_word' id='word_1_46' title='bbox 455 1101 517 1147; x_wconf 90' lang='lat' dir='ltr'>non</span> <span class='ocrx_word' id='word_1_47' title='bbox 539 1089 654 1165; x_wconf 90' lang='lat' dir='ltr'>potest.</span> <span class='ocrx_word' id='word_1_48' title='bbox 689 1082 886 1164; x_wconf 83' lang='lat' dir='ltr'>Quamquam</span> <span class='ocrx_word' id='word_1_49' title='bbox 904 1083 981 1148; x_wconf 88' lang='lat' dir='ltr'>mihi</span> <span class='ocrx_word' id='word_1_50' title='bbox 997 1084 1125 1166; x_wconf 89' lang='lat' dir='ltr'>quidem</span> <span class='ocrx_word' id='word_1_51' title='bbox 1141 1083 1232 1149; x_wconf 85' lang='lat' dir='ltr'>fasti·</span> 
     </span>
     <span class='ocr_line' id='line_1_8' title="bbox 180 1185 1233 1268; baseline 0 -18"><span class='ocrx_word' id='word_1_52' title='bbox 180 1186 266 1250; x_wconf 93' lang='lat' dir='ltr'>dium</span> <span class='ocrx_word' id='word_1_53' title='bbox 297 1185 409 1251; x_wconf 88' lang='lat' dir='ltr'>abesse</span> <span class='ocrx_word' id='word_1_54' title='bbox 438 1186 569 1251; x_wconf 85' lang='lat' dir='ltr'>videtur</span> <span class='ocrx_word' id='word_1_55' title='bbox 599 1193 730 1267; x_wconf 90' lang='lat' dir='ltr'>propter</span> <span class='ocrx_word' id='word_1_56' title='bbox 765 1187 926 1268; x_wconf 82' lang='lat' dir='ltr'>egregiam</span> <span class='ocrx_word' id='word_1_57' title='bbox 959 1186 1126 1251; x_wconf 82' lang='lat' dir='ltr'>verborum</span> <span class='ocrx_word' id='word_1_58' title='bbox 1161 1205 1233 1252; x_wconf 90' lang='lat' dir='ltr'>con-</span> 
     </span>
     <span class='ocr_line' id='line_1_9' title="bbox 179 1283 1233 1373; baseline -0.001 -19"><span class='ocrx_word' id='word_1_59' title='bbox 179 1289 376 1355; x_wconf 89' lang='lat' dir='ltr'>cinnitatem.</span> <span class='ocrx_word' id='word_1_60' title='bbox 419 1289 591 1354; x_wconf 89' lang='lat' dir='ltr'>Praeterea</span> <span class='ocrx_word' id='word_1_61' title='bbox 613 1288 756 1355; x_wconf 84' lang='lat' dir='ltr'>conferas</span> <span class='ocrx_word' id='word_1_62' title='bbox 778 1288 872 1354; x_wconf 85' lang='lat' dir='ltr'>velim</span> <span class='ocrx_word' id='word_1_63' title='bbox 896 1309 941 1354; x_wconf 92' lang='lat' dir='ltr'>or.</span> <span class='ocrx_word' id='word_1_64' title='bbox 956 1288 995 1354; x_wconf 90' lang='lat' dir='ltr'>V.</span> <span class='ocrx_word' id='word_1_65' title='bbox 1018 1290 1110 1372; x_wconf 77' lang='lat'>§742</span> <span class='ocrx_word' id='word_1_66' title='bbox 1134 1283 1152 1353; x_wconf 83' lang='grc' dir='ltr'><em>ὃ</em></span> <span class='ocrx_word' id='word_1_67' title='bbox 1173 1288 1233 1373; x_wconf 83' lang='grc' dir='ltr'>μὲν</span> 
     </span>
     <span class='ocr_line' id='line_1_10' title="bbox 179 1386 1233 1478; baseline 0.001 -22"><span class='ocrx_word' id='word_1_68' title='bbox 179 1389 240 1477; x_wconf 71' lang='grc' dir='ltr'>γὰρ</span> <span class='ocrx_word' id='word_1_69' title='bbox 264 1389 380 1478; x_wconf 76' lang='grc' dir='ltr'><em>πολλῷ</em></span> <span class='ocrx_word' id='word_1_70' title='bbox 402 1386 626 1478; x_wconf 80' lang='grc' dir='ltr'><em>πρεσβύτερός</em></span> <span class='ocrx_word' id='word_1_71' title='bbox 648 1389 719 1456; x_wconf 78' lang='grc' dir='ltr'><strong><em>ἐστι</em></strong></span> <span class='ocrx_word' id='word_1_72' title='bbox 740 1394 805 1455; x_wconf 79' lang='grc' dir='ltr'>τῶν</span> <span class='ocrx_word' id='word_1_73' title='bbox 828 1387 914 1475; x_wconf 76' lang='grc' dir='ltr'><em>ἐμῶν</em></span> <span class='ocrx_word' id='word_1_74' title='bbox 936 1387 1146 1478; x_wconf 77' lang='grc' dir='ltr'><em>πραγμάτων,</em></span> <span class='ocrx_word' id='word_1_75' title='bbox 1171 1389 1233 1476; x_wconf 81' lang='lat' dir='ltr'>e‘yoi</span> 
     </span>
     <span class='ocr_line' id='line_1_11' title="bbox 179 1489 1233 1583; baseline 0.003 -25"><span class='ocrx_word' id='word_1_76' title='bbox 179 1492 215 1559; x_wconf 68' lang='lat' dir='ltr'>de*</span> <span class='ocrx_word' id='word_1_77' title='bbox 239 1494 356 1582; x_wconf 74' lang='grc' dir='ltr'><em>πολλῷ</em></span> <span class='ocrx_word' id='word_1_78' title='bbox 386 1489 542 1578; x_wconf 77' lang='grc' dir='ltr'><em>νεώτερος</em></span> <span class='ocrx_word' id='word_1_79' title='bbox 570 1496 634 1559; x_wconf 82' lang='grc' dir='ltr'>τῶν</span> <span class='ocrx_word' id='word_1_80' title='bbox 663 1490 774 1581; x_wconf 77' lang='grc' dir='ltr'><em>ἐκείνῳ</em></span> <span class='ocrx_word' id='word_1_81' title='bbox 805 1491 1053 1583; x_wconf 72' lang='grc' dir='ltr'><em>πεπραγμένων,</em></span> <span class='ocrx_word' id='word_1_82' title='bbox 1084 1501 1117 1561; x_wconf 85' lang='lat' dir='ltr'>et</span> <span class='ocrx_word' id='word_1_83' title='bbox 1148 1498 1233 1579; x_wconf 88' lang='lat' dir='ltr'>quod</span> 
     </span>
     <span class='ocr_line' id='line_1_12' title="bbox 179 1598 1234 1682; baseline 0.001 -19"><span class='ocrx_word' id='word_1_84' title='bbox 179 1598 324 1664; x_wconf 87' lang='lat' dir='ltr'>Blassius</span> <span class='ocrx_word' id='word_1_85' title='bbox 346 1598 391 1681; x_wconf 87' lang='lat' dir='ltr'>(p.</span> <span class='ocrx_word' id='word_1_86' title='bbox 418 1599 496 1680; x_wconf 82' lang='lat'>139)</span> <span class='ocrx_word' id='word_1_87' title='bbox 525 1599 660 1680; x_wconf 90' lang='lat' dir='ltr'>judicat,</span> <span class='ocrx_word' id='word_1_88' title='bbox 683 1605 841 1663; x_wconf 88' lang='lat' dir='ltr'>oratorem</span> <span class='ocrx_word' id='word_1_89' title='bbox 865 1598 943 1664; x_wconf 90' lang='lat' dir='ltr'>nihil</span> <span class='ocrx_word' id='word_1_90' title='bbox 965 1617 1060 1681; x_wconf 90' lang='lat' dir='ltr'>posse</span> <span class='ocrx_word' id='word_1_91' title='bbox 1082 1598 1234 1682; x_wconf 84' lang='lat' dir='ltr'>cogitare,</span> 
     </span>
     <span class='ocr_line' id='line_1_13' title="bbox 179 1701 725 1783; baseline -0.002 -16"><span class='ocrx_word' id='word_1_92' title='bbox 179 1702 256 1783; x_wconf 88' lang='lat' dir='ltr'>quin</span> <span class='ocrx_word' id='word_1_93' title='bbox 280 1701 374 1766; x_wconf 90' lang='lat' dir='ltr'>simul</span> <span class='ocrx_word' id='word_1_94' title='bbox 397 1702 590 1767; x_wconf 89' lang='lat' dir='ltr'>contrarium</span> <span class='ocrx_word' id='word_1_95' title='bbox 614 1702 725 1766; x_wconf 67' lang='lat' dir='ltr'>addat,</span> 
     </span>
    </p>

    <p class='ocr_par' dir='ltr' id='par_1_3' title="bbox 175 1804 1277 3736">
     <span class='ocr_line' id='line_1_14' title="bbox 247 1804 1234 1889; baseline 0.004 -22"><span class='ocrx_word' id='word_1_96' title='bbox 247 1804 338 1883; x_wconf 86' lang='lat' dir='ltr'>Quod</span> <span class='ocrx_word' id='word_1_97' title='bbox 371 1806 413 1869; x_wconf 92' lang='lat' dir='ltr'>ad</span> <span class='ocrx_word' id='word_1_98' title='bbox 446 1805 659 1871; x_wconf 86' lang='lat' dir='ltr'>narrationem</span> <span class='ocrx_word' id='word_1_99' title='bbox 691 1805 849 1888; x_wconf 82' lang='lat' dir='ltr'>pertinet,</span> <span class='ocrx_word' id='word_1_100' title='bbox 879 1806 1056 1889; x_wconf 83' lang='lat' dir='ltr'>Wagenero</span> <span class='ocrx_word' id='word_1_101' title='bbox 1077 1805 1234 1887; x_wconf 83' lang='lat' dir='ltr'>choragus</span> 
     </span>
     <span class='ocr_line' id='line_1_15' title="bbox 179 1903 1233 1993; baseline 0.001 -21"><span class='ocrx_word' id='word_1_102' title='bbox 179 1906 276 1993; x_wconf 79' lang='lat' dir='ltr'>nimis</span> <span class='ocrx_word' id='word_1_103' title='bbox 298 1907 411 1988; x_wconf 82' lang='lat' dir='ltr'>longus</span> <span class='ocrx_word' id='word_1_104' title='bbox 434 1925 503 1971; x_wconf 87' lang='lat' dir='ltr'>esse</span> <span class='ocrx_word' id='word_1_105' title='bbox 526 1903 652 1973; x_wconf 91' lang='lat' dir='ltr'>videtur</span> <span class='ocrx_word' id='word_1_106' title='bbox 675 1908 706 1973; x_wconf 91' lang='lat' dir='ltr'>in</span> <span class='ocrx_word' id='word_1_107' title='bbox 729 1908 927 1990; x_wconf 82' lang='lat' dir='ltr'>exponendo,</span> <span class='ocrx_word' id='word_1_108' title='bbox 958 1909 1115 1991; x_wconf 91' lang='lat' dir='ltr'>quomodo</span> <span class='ocrx_word' id='word_1_109' title='bbox 1137 1908 1233 1974; x_wconf 88' lang='lat' dir='ltr'>choro</span> 
     </span>
     <span class='ocr_line' id='line_1_16' title="bbox 177 2010 1234 2093; baseline -0.002 -17"><span class='ocrx_word' id='word_1_110' title='bbox 177 2014 211 2076; x_wconf 88' lang='lat' dir='ltr'>et</span> <span class='ocrx_word' id='word_1_111' title='bbox 236 2013 410 2076; x_wconf 86' lang='lat' dir='ltr'>exercendo</span> <span class='ocrx_word' id='word_1_112' title='bbox 433 2016 466 2076; x_wconf 91' lang='lat' dir='ltr'>et</span> <span class='ocrx_word' id='word_1_113' title='bbox 487 2010 601 2075; x_wconf 88' lang='lat' dir='ltr'>alendo</span> <span class='ocrx_word' id='word_1_114' title='bbox 624 2010 826 2077; x_wconf 88' lang='lat' dir='ltr'>consuluerit.</span> <span class='ocrx_word' id='word_1_115' title='bbox 870 2013 1038 2090; x_wconf 82' lang='lat' dir='ltr'>Attamen,</span> <span class='ocrx_word' id='word_1_116' title='bbox 1068 2016 1104 2076; x_wconf 87' lang='lat' dir='ltr'>ut</span> <span class='ocrx_word' id='word_1_117' title='bbox 1135 2029 1234 2093; x_wconf 89' lang='lat' dir='ltr'>supra</span> 
     </span>
     <span class='ocr_line' id='line_1_17' title="bbox 177 2112 1234 2196; baseline 0.001 -20"><span class='ocrx_word' id='word_1_118' title='bbox 177 2113 355 2186; x_wconf 81' lang='lat' dir='ltr'>docuimus,</span> <span class='ocrx_word' id='word_1_119' title='bbox 377 2112 437 2178; x_wconf 93' lang='lat' dir='ltr'>hoc</span> <span class='ocrx_word' id='word_1_120' title='bbox 460 2113 563 2195; x_wconf 89' lang='lat' dir='ltr'>ipsum</span> <span class='ocrx_word' id='word_1_121' title='bbox 586 2114 742 2196; x_wconf 88' lang='lat' dir='ltr'>estquod</span> <span class='ocrx_word' id='word_1_122' title='bbox 766 2115 798 2178; x_wconf 91' lang='lat' dir='ltr'>in</span> <span class='ocrx_word' id='word_1_123' title='bbox 818 2113 972 2195; x_wconf 92' lang='lat' dir='ltr'>judicium</span> <span class='ocrx_word' id='word_1_124' title='bbox 988 2114 1084 2179; x_wconf 88' lang='lat' dir='ltr'>venit.</span> <span class='ocrx_word' id='word_1_125' title='bbox 1122 2113 1234 2194; x_wconf 89' lang='lat' dir='ltr'>Neque</span> 
     </span>
     <span class='ocr_line' id='line_1_18' title="bbox 175 2215 1233 2303; baseline 0 -24"><span class='ocrx_word' id='word_1_126' title='bbox 175 2217 250 2296; x_wconf 89' lang='lat' dir='ltr'>jure</span> <span class='ocrx_word' id='word_1_127' title='bbox 288 2215 366 2279; x_wconf 89' lang='lat' dir='ltr'>mihi</span> <span class='ocrx_word' id='word_1_128' title='bbox 401 2216 595 2296; x_wconf 84' lang='lat' dir='ltr'>Wageuerus</span> <span class='ocrx_word' id='word_1_129' title='bbox 633 2215 846 2280; x_wconf 87' lang='lat' dir='ltr'>narrationem</span> <span class='ocrx_word' id='word_1_130' title='bbox 884 2216 1066 2280; x_wconf 89' lang='lat' dir='ltr'>desiderare</span> <span class='ocrx_word' id='word_1_131' title='bbox 1096 2216 1233 2303; x_wconf 83' lang='lat' dir='ltr'>videtur,</span> 
     </span>
     <span class='ocr_line' id='line_1_19' title="bbox 177 2318 1233 2402; baseline -0.001 -20"><span class='ocrx_word' id='word_1_132' title='bbox 177 2319 340 2401; x_wconf 93' lang='lat' dir='ltr'>quomodo</span> <span class='ocrx_word' id='word_1_133' title='bbox 361 2318 488 2400; x_wconf 83' lang='lat' dir='ltr'>singula</span> <span class='ocrx_word' id='word_1_134' title='bbox 509 2318 603 2383; x_wconf 89' lang='lat' dir='ltr'>istius</span> <span class='ocrx_word' id='word_1_135' title='bbox 626 2337 718 2385; x_wconf 87' lang='lat' dir='ltr'>casus</span> <span class='ocrx_word' id='word_1_136' title='bbox 740 2318 914 2400; x_wconf 88' lang='lat' dir='ltr'>evenerint,</span> <span class='ocrx_word' id='word_1_137' title='bbox 947 2319 1056 2401; x_wconf 88' lang='lat' dir='ltr'>ipsene</span> <span class='ocrx_word' id='word_1_138' title='bbox 1078 2338 1157 2402; x_wconf 91' lang='lat' dir='ltr'>puer</span> <span class='ocrx_word' id='word_1_139' title='bbox 1179 2337 1233 2382; x_wconf 85' lang='lat' dir='ltr'>ve-</span> 
     </span>
     <span class='ocr_line' id='line_1_20' title="bbox 177 2419 1233 2503; baseline 0 -18"><span class='ocrx_word' id='word_1_140' title='bbox 177 2439 296 2486; x_wconf 89' lang='lat' dir='ltr'>nenum</span> <span class='ocrx_word' id='word_1_141' title='bbox 327 2419 387 2485; x_wconf 91' lang='lat' dir='ltr'>sibi</span> <span class='ocrx_word' id='word_1_142' title='bbox 418 2422 589 2502; x_wconf 82' lang='lat' dir='ltr'>sumpserit</span> <span class='ocrx_word' id='word_1_143' title='bbox 619 2440 659 2485; x_wconf 92' lang='lat' dir='ltr'>au</span> <span class='ocrx_word' id='word_1_144' title='bbox 690 2421 773 2487; x_wconf 90' lang='lat' dir='ltr'>alter</span> <span class='ocrx_word' id='word_1_145' title='bbox 800 2421 829 2488; x_wconf 92' lang='lat' dir='ltr'>ei</span> <span class='ocrx_word' id='word_1_146' title='bbox 851 2421 1036 2503; x_wconf 90' lang='lat' dir='ltr'>praebuerit</span> <span class='ocrx_word' id='word_1_147' title='bbox 1059 2427 1092 2488; x_wconf 92' lang='lat' dir='ltr'>et</span> <span class='ocrx_word' id='word_1_148' title='bbox 1114 2421 1179 2488; x_wconf 84' lang='lat' dir='ltr'>alia</span> <span class='ocrx_word' id='word_1_149' title='bbox 1200 2422 1233 2487; x_wconf 94' lang='lat' dir='ltr'>id</span> 
     </span>
     <span class='ocr_line' id='line_1_21' title="bbox 177 2524 1234 2613; baseline 0.001 -25"><span class='ocrx_word' id='word_1_150' title='bbox 177 2542 291 2606; x_wconf 85' lang='lat' dir='ltr'>genus,</span> <span class='ocrx_word' id='word_1_151' title='bbox 314 2542 395 2606; x_wconf 88' lang='lat' dir='ltr'>quae</span> <span class='ocrx_word' id='word_1_152' title='bbox 418 2525 458 2588; x_wconf 90' lang='lat' dir='ltr'>ad</span> <span class='ocrx_word' id='word_1_153' title='bbox 475 2542 604 2591; x_wconf 88' lang='lat' dir='ltr'>causam</span> <span class='ocrx_word' id='word_1_154' title='bbox 620 2524 720 2606; x_wconf 90' lang='lat' dir='ltr'>ipsam</span> <span class='ocrx_word' id='word_1_155' title='bbox 738 2524 818 2589; x_wconf 88' lang='lat' dir='ltr'>nihil</span> <span class='ocrx_word' id='word_1_156' title='bbox 833 2524 937 2591; x_wconf 89' lang='lat' dir='ltr'>facere</span> <span class='ocrx_word' id='word_1_157' title='bbox 953 2531 1096 2608; x_wconf 88' lang='lat' dir='ltr'>apparet.</span> <span class='ocrx_word' id='word_1_158' title='bbox 1127 2526 1234 2613; x_wconf 87' lang='lat' dir='ltr'>Atque</span> 
     </span>
     <span class='ocr_line' id='line_1_22' title="bbox 177 2626 1234 2710; baseline 0 -19"><span class='ocrx_word' id='word_1_159' title='bbox 177 2626 308 2691; x_wconf 90' lang='lat' dir='ltr'>omniuo</span> <span class='ocrx_word' id='word_1_160' title='bbox 330 2632 364 2692; x_wconf 91' lang='lat' dir='ltr'>et</span> <span class='ocrx_word' id='word_1_161' title='bbox 387 2627 418 2692; x_wconf 92' lang='lat' dir='ltr'>in</span> <span class='ocrx_word' id='word_1_162' title='bbox 443 2646 487 2691; x_wconf 92' lang='lat' dir='ltr'>or.</span> <span class='ocrx_word' id='word_1_163' title='bbox 509 2626 547 2691; x_wconf 90' lang='lat' dir='ltr'>V.</span> <span class='ocrx_word' id='word_1_164' title='bbox 571 2632 605 2692; x_wconf 91' lang='lat' dir='ltr'>et</span> <span class='ocrx_word' id='word_1_165' title='bbox 625 2627 680 2693; x_wconf 90' lang='lat' dir='ltr'>VI.</span> <span class='ocrx_word' id='word_1_166' title='bbox 704 2628 846 2692; x_wconf 91' lang='lat' dir='ltr'>narratio</span> <span class='ocrx_word' id='word_1_167' title='bbox 869 2627 945 2692; x_wconf 89' lang='lat' dir='ltr'>talis</span> <span class='ocrx_word' id='word_1_168' title='bbox 974 2634 1040 2707; x_wconf 89' lang='lat' dir='ltr'>est,</span> <span class='ocrx_word' id='word_1_169' title='bbox 1070 2646 1151 2710; x_wconf 89' lang='lat' dir='ltr'>quae</span> <span class='ocrx_word' id='word_1_170' title='bbox 1173 2645 1234 2693; x_wconf 94' lang='lat' dir='ltr'>non</span> 
     </span>
     <span class='ocr_line' id='line_1_23' title="bbox 177 2728 1277 2812; baseline 0.004 -20"><span class='ocrx_word' id='word_1_171' title='bbox 177 2735 248 2793; x_wconf 91' lang='lat' dir='ltr'>tam</span> <span class='ocrx_word' id='word_1_172' title='bbox 272 2728 485 2810; x_wconf 86' lang='lat' dir='ltr'>demonstret,</span> <span class='ocrx_word' id='word_1_173' title='bbox 516 2731 673 2810; x_wconf 92' lang='lat' dir='ltr'>quomodo</span> <span class='ocrx_word' id='word_1_174' title='bbox 700 2749 751 2796; x_wconf 89' lang='lat' dir='ltr'>res</span> <span class='ocrx_word' id='word_1_175' title='bbox 774 2728 860 2796; x_wconf 85' lang='lat' dir='ltr'>facta</span> <span class='ocrx_word' id='word_1_176' title='bbox 882 2730 940 2810; x_wconf 90' lang='lat' dir='ltr'>sit,</span> <span class='ocrx_word' id='word_1_177' title='bbox 971 2748 1066 2812; x_wconf 89' lang='lat' dir='ltr'>quam</span> <span class='ocrx_word' id='word_1_178' title='bbox 1098 2748 1158 2795; x_wconf 89' lang='lat' dir='ltr'>non</span> <span class='ocrx_word' id='word_1_179' title='bbox 1187 2730 1234 2796; x_wconf 92' lang='lat' dir='ltr'>ita</span> <span class='ocrx_word' id='word_1_180' title='bbox 1272 2748 1277 2757; x_wconf 82' lang='lat'><strong>·</strong></span> 
     </span>
     <span class='ocr_line' id='line_1_24' title="bbox 178 2829 1233 2899; baseline 0.001 -2"><span class='ocrx_word' id='word_1_181' title='bbox 178 2849 251 2897; x_wconf 89' lang='lat' dir='ltr'>esse</span> <span class='ocrx_word' id='word_1_182' title='bbox 285 2829 402 2896; x_wconf 87' lang='lat' dir='ltr'>factam</span> <span class='ocrx_word' id='word_1_183' title='bbox 436 2836 474 2895; x_wconf 92' lang='lat' dir='ltr'>ut</span> <span class='ocrx_word' id='word_1_184' title='bbox 506 2839 707 2898; x_wconf 84' lang='lat' dir='ltr'>accusatores</span> <span class='ocrx_word' id='word_1_185' title='bbox 744 2834 946 2898; x_wconf 88' lang='lat' dir='ltr'>contendant.</span> <span class='ocrx_word' id='word_1_186' title='bbox 998 2833 1233 2899; x_wconf 88' lang='lat' dir='ltr'>Admoueamus</span> 
     </span>
     <span class='ocr_line' id='line_1_25' title="bbox 177 2934 1232 3018; baseline 0.002 -20"><span class='ocrx_word' id='word_1_187' title='bbox 177 2934 277 2999; x_wconf 88' lang='lat' dir='ltr'>etiam</span> <span class='ocrx_word' id='word_1_188' title='bbox 301 2935 386 3016; x_wconf 91' lang='lat' dir='ltr'>quod</span> <span class='ocrx_word' id='word_1_189' title='bbox 409 2935 551 3018; x_wconf 89' lang='lat' dir='ltr'>Kaysero</span> <span class='ocrx_word' id='word_1_190' title='bbox 575 2934 667 3013; x_wconf 84' lang='lat' dir='ltr'>(Mus.</span> <span class='ocrx_word' id='word_1_191' title='bbox 684 2935 784 3000; x_wconf 83' lang='lat' dir='ltr'>Rhen.</span> <span class='ocrx_word' id='word_1_192' title='bbox 800 2935 876 3001; x_wconf 91' lang='lat' dir='ltr'>XVI</span> <span class='ocrx_word' id='word_1_193' title='bbox 898 2955 928 3017; x_wconf 90' lang='lat' dir='ltr'>p.</span> <span class='ocrx_word' id='word_1_194' title='bbox 946 2937 999 3014; x_wconf 85' lang='lat'>64)</span> <span class='ocrx_word' id='word_1_195' title='bbox 1022 2936 1232 3000; x_wconf 84' lang='lat' dir='ltr'>Anaximenes</span> 
     </span>
     <span class='ocr_line' id='line_1_26' title="bbox 178 3036 1231 3120; baseline 0.002 -19"><span class='ocrx_word' id='word_1_196' title='bbox 178 3037 220 3101; x_wconf 90' lang='lat' dir='ltr'>de</span> <span class='ocrx_word' id='word_1_197' title='bbox 243 3037 427 3102; x_wconf 89' lang='lat' dir='ltr'>narratione</span> <span class='ocrx_word' id='word_1_198' title='bbox 449 3037 648 3120; x_wconf 87' lang='lat' dir='ltr'>praecepisse</span> <span class='ocrx_word' id='word_1_199' title='bbox 671 3039 817 3104; x_wconf 87' lang='lat' dir='ltr'>videtur:</span> <span class='ocrx_word' id='word_1_200' title='bbox 849 3039 880 3103; x_wconf 90' lang='lat' dir='ltr'>in</span> <span class='ocrx_word' id='word_1_201' title='bbox 911 3039 1113 3105; x_wconf 88' lang='lat' dir='ltr'>accusatione</span> <span class='ocrx_word' id='word_1_202' title='bbox 1135 3036 1231 3103; x_wconf 90' lang='lat' dir='ltr'>aliam</span> 
     </span>
     <span class='ocr_line' id='line_1_27' title="bbox 180 3139 1233 3219; baseline 0.004 -15"><span class='ocrx_word' id='word_1_203' title='bbox 180 3158 251 3205; x_wconf 89' lang='lat' dir='ltr'>esse</span> <span class='ocrx_word' id='word_1_204' title='bbox 283 3140 515 3219; x_wconf 89' lang='lat' dir='ltr'>narrationem,</span> <span class='ocrx_word' id='word_1_205' title='bbox 549 3140 643 3206; x_wconf 90' lang='lat' dir='ltr'>aliam</span> <span class='ocrx_word' id='word_1_206' title='bbox 673 3142 705 3206; x_wconf 92' lang='lat' dir='ltr'>in</span> <span class='ocrx_word' id='word_1_207' title='bbox 736 3140 927 3205; x_wconf 87' lang='lat' dir='ltr'>defensioue.</span> <span class='ocrx_word' id='word_1_208' title='bbox 977 3140 1078 3206; x_wconf 89' lang='lat' dir='ltr'>Immo</span> <span class='ocrx_word' id='word_1_209' title='bbox 1110 3140 1142 3205; x_wconf 93' lang='lat' dir='ltr'>iu</span> <span class='ocrx_word' id='word_1_210' title='bbox 1171 3139 1233 3208; x_wconf 91' lang='lat' dir='ltr'>hac</span> 
     </span>
     <span class='ocr_line' id='line_1_28' title="bbox 179 3238 1234 3328; baseline 0 -21"><span class='ocrx_word' id='word_1_211' title='bbox 179 3260 410 3325; x_wconf 88' lang='lat' dir='ltr'>saepenumero</span> <span class='ocrx_word' id='word_1_212' title='bbox 432 3244 614 3309; x_wconf 89' lang='lat' dir='ltr'>narratione</span> <span class='ocrx_word' id='word_1_213' title='bbox 637 3263 716 3328; x_wconf 89' lang='lat' dir='ltr'>opus</span> <span class='ocrx_word' id='word_1_214' title='bbox 746 3263 806 3308; x_wconf 90' lang='lat' dir='ltr'>non</span> <span class='ocrx_word' id='word_1_215' title='bbox 830 3261 916 3325; x_wconf 89' lang='lat' dir='ltr'>esse,</span> <span class='ocrx_word' id='word_1_216' title='bbox 948 3244 1004 3309; x_wconf 92' lang='lat' dir='ltr'>sed</span> <span class='ocrx_word' id='word_1_217' title='bbox 1033 3238 1234 3310; x_wconf 79' lang='grc' dir='ltr'><em>κατάστασιν</em></span> 
     </span>
     <span class='ocr_line' id='line_1_29' title="bbox 180 3346 1234 3431; baseline 0.001 -21"><span class='ocrx_word' id='word_1_218' title='bbox 180 3349 250 3429; x_wconf 88' lang='lat' dir='ltr'>ejus</span> <span class='ocrx_word' id='word_1_219' title='bbox 274 3346 376 3412; x_wconf 90' lang='lat' dir='ltr'>locum</span> <span class='ocrx_word' id='word_1_220' title='bbox 400 3348 559 3429; x_wconf 89' lang='lat' dir='ltr'>obtinere;</span> <span class='ocrx_word' id='word_1_221' title='bbox 590 3354 675 3415; x_wconf 90' lang='lat' dir='ltr'>certe</span> <span class='ocrx_word' id='word_1_222' title='bbox 698 3348 839 3414; x_wconf 87' lang='lat' dir='ltr'>accusati</span> <span class='ocrx_word' id='word_1_223' title='bbox 863 3347 1075 3412; x_wconf 85' lang='lat' dir='ltr'>narrationem</span> <span class='ocrx_word' id='word_1_224' title='bbox 1098 3348 1158 3413; x_wconf 90' lang='lat' dir='ltr'>hoc</span> <span class='ocrx_word' id='word_1_225' title='bbox 1178 3367 1234 3431; x_wconf 95' lang='lat' dir='ltr'>po-</span> 
     </span>
     <span class='ocr_line' id='line_1_30' title="bbox 180 3438 1232 3533; baseline 0.004 -21"><span class='ocrx_word' id='word_1_226' title='bbox 180 3450 339 3515; x_wconf 92' lang='lat' dir='ltr'>tissimum</span> <span class='ocrx_word' id='word_1_227' title='bbox 373 3438 547 3518; x_wconf 87' lang='lat' dir='ltr'>consectari</span> <span class='ocrx_word' id='word_1_228' title='bbox 580 3453 714 3532; x_wconf 88' lang='lat' dir='ltr'>debere,</span> <span class='ocrx_word' id='word_1_229' title='bbox 747 3458 783 3516; x_wconf 92' lang='lat' dir='ltr'>ut</span> <span class='ocrx_word' id='word_1_230' title='bbox 811 3450 840 3515; x_wconf 89' lang='lat' dir='ltr'>si</span> <span class='ocrx_word' id='word_1_231' title='bbox 867 3450 945 3533; x_wconf 92' lang='lat' dir='ltr'>quid</span> <span class='ocrx_word' id='word_1_232' title='bbox 976 3455 1143 3516; x_wconf 88' lang='lat' dir='ltr'>accusator</span> <span class='ocrx_word' id='word_1_233' title='bbox 1171 3470 1232 3516; x_wconf 89' lang='lat' dir='ltr'>non</span> 
     </span>
     <span class='ocr_line' id='line_1_31' title="bbox 181 3552 1233 3637; baseline 0.003 -21"><span class='ocrx_word' id='word_1_234' title='bbox 181 3552 311 3634; x_wconf 81' lang='lat' dir='ltr'>dixerit,</span> <span class='ocrx_word' id='word_1_235' title='bbox 333 3553 491 3636; x_wconf 88' lang='lat' dir='ltr'>suppleat,</span> <span class='ocrx_word' id='word_1_236' title='bbox 523 3555 649 3637; x_wconf 92' lang='lat' dir='ltr'>siquid</span> <span class='ocrx_word' id='word_1_237' title='bbox 673 3556 783 3635; x_wconf 89' lang='lat' dir='ltr'>rimis,</span> <span class='ocrx_word' id='word_1_238' title='bbox 816 3552 909 3619; x_wconf 86' lang='lat' dir='ltr'>tollat</span> <span class='ocrx_word' id='word_1_239' title='bbox 930 3553 979 3618; x_wconf 85' lang='lat' dir='ltr'>vel</span> <span class='ocrx_word' id='word_1_240' title='bbox 1003 3552 1176 3636; x_wconf 90' lang='lat' dir='ltr'>temperet,</span> <span class='ocrx_word' id='word_1_241' title='bbox 1205 3555 1233 3619; x_wconf 93' lang='lat' dir='ltr'>si</span> 
     </span>
     <span class='ocr_line' id='line_1_32' title="bbox 180 3653 1232 3736; baseline 0.002 -17"><span class='ocrx_word' id='word_1_242' title='bbox 180 3655 259 3735; x_wconf 91' lang='lat' dir='ltr'>quid</span> <span class='ocrx_word' id='word_1_243' title='bbox 283 3653 361 3720; x_wconf 87' lang='lat' dir='ltr'>falso</span> <span class='ocrx_word' id='word_1_244' title='bbox 384 3656 434 3722; x_wconf 88' lang='lat' dir='ltr'>vel</span> <span class='ocrx_word' id='word_1_245' title='bbox 459 3663 609 3722; x_wconf 87' lang='lat' dir='ltr'>accusato</span> <span class='ocrx_word' id='word_1_246' title='bbox 630 3658 835 3736; x_wconf 89' lang='lat' dir='ltr'>incommode,</span> <span class='ocrx_word' id='word_1_247' title='bbox 866 3655 992 3722; x_wconf 85' lang='lat' dir='ltr'>refellat</span> <span class='ocrx_word' id='word_1_248' title='bbox 1014 3656 1064 3720; x_wconf 86' lang='lat' dir='ltr'>rel</span> <span class='ocrx_word' id='word_1_249' title='bbox 1087 3656 1232 3723; x_wconf 85' lang='lat' dir='ltr'>occultet.</span> 
     </span>
    </p>

    <p class='ocr_par' dir='ltr' id='par_1_4' title="bbox 180 3757 1233 4151">
     <span class='ocr_line' id='line_1_33' title="bbox 246 3757 1233 3842; baseline 0.001 -21"><span class='ocrx_word' id='word_1_250' title='bbox 246 3757 449 3823; x_wconf 90' lang='lat' dir='ltr'>Probationis</span> <span class='ocrx_word' id='word_1_251' title='bbox 477 3760 600 3841; x_wconf 88' lang='lat' dir='ltr'>primus</span> <span class='ocrx_word' id='word_1_252' title='bbox 629 3760 718 3827; x_wconf 87' lang='lat' dir='ltr'>iocus</span> <span class='ocrx_word' id='word_1_253' title='bbox 749 3760 802 3842; x_wconf 61' lang='grc' dir='ltr'>(ἓξ</span> <span class='ocrx_word' id='word_1_254' title='bbox 835 3758 975 3841; x_wconf 88' lang='grc'>16-19)</span> <span class='ocrx_word' id='word_1_255' title='bbox 1007 3778 1027 3822; x_wconf 89' lang='lat' dir='ltr'>a</span> <span class='ocrx_word' id='word_1_256' title='bbox 1058 3759 1233 3840; x_wconf 85' lang='lat' dir='ltr'>Wageuero</span> 
     </span>
     <span class='ocr_line' id='line_1_34' title="bbox 181 3860 1233 3945; baseline 0.004 -21"><span class='ocrx_word' id='word_1_257' title='bbox 181 3860 226 3925; x_wconf 91' lang='lat' dir='ltr'>sic</span> <span class='ocrx_word' id='word_1_258' title='bbox 248 3867 299 3927; x_wconf 87' lang='lat' dir='ltr'>est</span> <span class='ocrx_word' id='word_1_259' title='bbox 322 3861 549 3943; x_wconf 87' lang='lat' dir='ltr'>reprehensus:</span> <span class='ocrx_word' id='word_1_260' title='bbox 573 3863 625 3944; x_wconf 94' lang='lat' dir='ltr'>„Il</span> <span class='ocrx_word' id='word_1_261' title='bbox 648 3882 682 3929; x_wconf 90' lang='lat' dir='ltr'>se</span> <span class='ocrx_word' id='word_1_262' title='bbox 705 3863 810 3945; x_wconf 88' lang='lat' dir='ltr'>borne,</span> <span class='ocrx_word' id='word_1_263' title='bbox 833 3882 872 3926; x_wconf 92' lang='lat' dir='ltr'>cn</span> <span class='ocrx_word' id='word_1_264' title='bbox 895 3880 930 3927; x_wconf 89' lang='lat' dir='ltr'>ce</span> <span class='ocrx_word' id='word_1_265' title='bbox 952 3862 1008 3943; x_wconf 88' lang='lat' dir='ltr'>qui</span> <span class='ocrx_word' id='word_1_266' title='bbox 1029 3861 1058 3926; x_wconf 90' lang='lat' dir='ltr'>le</span> <span class='ocrx_word' id='word_1_267' title='bbox 1081 3880 1233 3929; x_wconf 86' lang='lat' dir='ltr'>concerno</span> 
     </span>
     <span class='ocr_line' id='line_1_35' title="bbox 180 3962 1232 4047; baseline 0.003 -19"><span class='ocrx_word' id='word_1_268' title='bbox 180 3964 456 4046; x_wconf 89' lang='lat' dir='ltr'>personellement,</span> <span class='ocrx_word' id='word_1_269' title='bbox 479 3963 498 4028; x_wconf 79' lang='lat' dir='ltr'>A</span> <span class='ocrx_word' id='word_1_270' title='bbox 519 3964 743 4047; x_wconf 90' lang='lat' dir='ltr'>paraphraser,</span> <span class='ocrx_word' id='word_1_271' title='bbox 769 3963 863 4030; x_wconf 89' lang='lat' dir='ltr'>d’une</span> <span class='ocrx_word' id='word_1_272' title='bbox 885 3962 1027 4029; x_wconf 78' lang='lat' dir='ltr'>maniere</span> <span class='ocrx_word' id='word_1_273' title='bbox 1048 3982 1137 4030; x_wconf 89' lang='lat' dir='ltr'>assez</span> <span class='ocrx_word' id='word_1_274' title='bbox 1160 3983 1232 4031; x_wconf 92' lang='lat' dir='ltr'>con-</span> 
     </span>
     <span class='ocr_line' id='line_1_36' title="bbox 180 4064 1232 4151; baseline 0.003 -18"><span class='ocrx_word' id='word_1_275' title='bbox 180 4064 260 4149; x_wconf 80' lang='lat' dir='ltr'>fuso,</span> <span class='ocrx_word' id='word_1_276' title='bbox 283 4067 324 4133; x_wconf 90' lang='lat' dir='ltr'>de</span> <span class='ocrx_word' id='word_1_277' title='bbox 346 4066 543 4151; x_wconf 76' lang='lat' dir='ltr'>depositions</span> <span class='ocrx_word' id='word_1_278' title='bbox 564 4070 605 4133; x_wconf 90' lang='lat' dir='ltr'>de</span> <span class='ocrx_word' id='word_1_279' title='bbox 628 4066 763 4136; x_wconf 74' lang='lat' dir='ltr'>tdmoins</span> <span class='ocrx_word' id='word_1_280' title='bbox 778 4066 798 4136; x_wconf 83' lang='lat' dir='ltr'>d</span> <span class='ocrx_word' id='word_1_281' title='bbox 811 4066 1001 4151; x_wconf 70' lang='lat' dir='ltr'>decharge.“</span> <span class='ocrx_word' id='word_1_282' title='bbox 1032 4066 1104 4148; x_wconf 83' lang='lat' dir='ltr'>Qua</span> <span class='ocrx_word' id='word_1_283' title='bbox 1125 4074 1232 4136; x_wconf 88' lang='lat' dir='ltr'>autem</span> 
     </span>
    </p>
   </div>
   <div class='ocr_carea' id='block_1_3' title="bbox 0 0 1554 4834">
    <p class='ocr_par' dir='ltr' id='par_1_5' title="bbox 0 0 1554 4834">
     <span class='ocr_line' id='line_1_37' title="bbox 0 0 1554 4834; baseline 0 0"><span class='ocrx_word' id='word_1_284' title='bbox 0 0 1554 4834; x_wconf 95' lang='lat' dir='ltr'> </span> 
     </span>
    </p>
   </div>
  </div>
 </body>
</html>
