3100 4834
715 375 906 440 „5-

287 564 443 614 venenum
466 545 649 628 praebuisse
671 549 916 627 contenderent3
939 548 1023 630 quod
1046 547 1073 612 si
1090 545 1226 625 fecisset,
1250 562 1340 611 nemo

288 650 395 717 hercle
412 650 561 715 dubitare
577 658 696 731 posset,
712 649 788 732 quin
807 659 892 716 esset
908 646 1001 737 φόνῳ
1016 644 1135 729 ἔνοχος.
1162 649 1341 715 Ostendere

290 754 439 819 videntur
459 770 553 833 posse
575 751 712 833 aliquem
736 752 925 817 homicidam
942 771 1021 832 esse,
1045 770 1145 832 neque
1161 758 1267 817 tamen
1282 768 1341 815 sua

289 874 384 921 mauu
406 873 560 921 venenum
583 855 792 921 ministrasse.
836 855 955 921 Dicunt
985 855 1084 939 igitur
1113 874 1200 919 reum
1232 852 1341 919 bibere

286 958 419 1040 jussisse
440 976 574 1039 puerum
597 957 648 1025 vel
664 958 757 1023 minis
771 958 906 1024 similive
923 960 1016 1024 modo
1033 958 1182 1040 coegisse.
1213 956 1340 1022 Etenim

293 1061 321 1124 si
344 1079 418 1125 reus
439 1062 535 1125 manu
557 1079 690 1144 puerum
713 1061 855 1144 coegisse
877 1067 1075 1142 argueretur,
1106 1061 1223 1127 crimen
1253 1060 1341 1125 haud

289 1163 387 1227 dubie
403 1182 462 1228 neu
481 1165 547 1245 jam
571 1158 781 1246 βουλεύσεως,
803 1166 858 1229 sed
876 1157 1084 1249 ,αὐτοχειρίας
1105 1184 1187 1246 quae
1210 1169 1343 1227 vocatur

290 1264 381 1343 foret,
411 1266 539 1331 etiarnsi
561 1284 715 1331 venenum
745 1266 787 1331 ab
816 1265 880 1332 alio
909 1269 1020 1331 datum
1044 1272 1246 1333 accusatores
1268 1284 1341 1332 cou-

290 1369 468 1434 tenderent.
519 1368 640 1436 Eodem
669 1370 763 1434 modo
792 1369 1009 1450 Philocrates,
1040 1388 1138 1450 quum
1167 1369 1340 1450 choragum

291 1471 434 1552 proximo
456 1491 539 1538 anno
562 1471 630 1553 (cir.
646 1473 685 1555 ξς
701 1473 751 1550 21,
773 1473 907 1554 ensqq,
929 1475 986 1554 49)
1009 1491 1098 1538 reum
1120 1471 1226 1539 facere
1248 1491 1342 1539 cooa-

292 1581 396 1657 retur,
427 1576 591 1642 accusavit
620 1576 705 1660 quod
735 1566 904 1662 „edelnodo
934 1567 1030 1640 aizoi
1063 1568 1285 1640 ἀποκτείνειεν
1307 1572 1341 1640 ἐν

290 1679 338 1764 τῷ
358 1677 446 1766 χορῷ
465 1674 640 1766 φάρμακον
653 1671 841 1763 ἀναγκάσας
858 1683 978 1744 πιεῖνιι.
1010 1680 1087 1745 Istis
1106 1680 1206 1761 igitur
1222 1680 1342 1745 verbis:

291 1776 438 1845 ἐκέλευσε
476 1784 567 1846 πιεῖν
602 1780 659 1846 τὸν
697 1781 806 1847 παῖδα
836 1781 875 1846 τὸ
907 1778 1082 1868 φάρμακον
1112 1775 1132 1868 i}
1163 1774 1343 1869 ἠνάγκασεν

287 1884 396 1965 jamne
411 1885 591 1950 continetur
610 1886 726 1950 crimen
744 1881 967 1967 βουλεύσεωςῖ>
999 1885 1068 1950 Nou
1086 1903 1170 1950 sane.
1201 1880 1343 1951 Βουλεύ-

293 2005 355 2063 σας
384 1984 441 2053 τὸν
470 1982 619 2052 θάνατον
649 1987 808 2070 choragus
838 1996 904 2067 est,
925 1989 967 2069 si,
1001 1996 1037 2053 ut
1068 2006 1166 2069 supra
1197 1988 1343 2072 diximus

292 2089 385 2154 alteri
415 2092 594 2172 persuasit,
627 2098 664 2155 ut
692 2110 794 2172 puero
822 2097 931 2172 potum
961 2092 1137 2173 praeberet.
1193 2094 1343 2156 Attamen

293 2192 318 2256 si
343 2193 543 2259 adhortando
564 2192 615 2258 vel
637 2192 813 2258 minitando
835 2192 1020 2258 veneficium
1042 2196 1177 2275 adjuvit,
1208 2194 1343 2260 eundem

294 2313 363 2360 esse
385 2294 527 2361 veneficii
550 2301 712 2361 auctorem
742 2313 962 2376 venenumque
984 2297 1230 2362 ministrandum
1252 2315 1344 2363 servo

293 2397 388 2464 alicui
404 2398 603 2463 mandavisse
621 2395 789 2478 probabile
804 2406 863 2476 est,
887 2398 1034 2478 quoniam
1053 2399 1084 2463 in
1102 2401 1195 2465 domo
1213 2400 1344 2481 choragi

293 2500 395 2566 scelus
417 2499 618 2567 commissum
641 2506 699 2565 est.
745 2499 816 2575 Qua
838 2519 872 2565 re
894 2499 1014 2566 iactum
1037 2520 1106 2567 esse
1129 2502 1278 2583 arbitror,
1307 2510 1346 2567 ut

294 2603 537 2685 disjunctionem
572 2600 660 2667 illam
693 2609 894 2668 accusatores
923 2601 1104 2685 proferrent
1141 2623 1253 2685 parum
1292 2624 1345 2671 ac·

294 2711 438 2771 curatam
470 2710 568 2786 atque
599 2704 758 2769 subtilem.
811 2705 936 2770 Crimen
965 2706 1048 2770 enim
1078 2701 1277 2788 βουλεύσεως
1307 2726 1345 2773 ea

295 2826 396 2889 neque
424 2807 604 2873 continetur
633 2806 811 2873 necessario
839 2826 941 2890 neque
971 2807 1159 2875 excluditur.
1204 2811 1345 2877 Verbum

294 2905 414 2975 ἔδωκεν
435 2909 522 2976 baud
544 2909 640 2975 dubie
661 2914 787 2975 tantum
810 2911 851 2975 ad
874 2903 1054 2994 αὐτόχειρα,
1079 2917 1241 2978 auctorem
1261 2914 1343 2996 phy-

296 3015 396 3081 sicum
420 3033 514 3099 quem
544 3031 600 3079 nos
630 3031 793 3095 vocamus,
823 3011 1024 3078 referendum
1047 3021 1110 3094 est;
1142 3033 1201 3080 non
1232 3017 1345 3083 itidem

295 3118 392 3183 verba
414 3114 561 3183 ἐκέλευσε
580 3118 670 3182 πιεῖν
687 3108 709 3203 ἢ
725 3107 912 3204 merucesc.
943 3115 1045 3181 Nemo
1067 3125 1116 3183 est
1138 3119 1214 3202 quin
1237 3120 1347 3186 videat

295 3221 467 3302 choragum
490 3221 632 3303 potuisse
653 3239 807 3287 venenum
830 3221 1046 3302 praebendum
1069 3220 1162 3287 alteri
1185 3225 1346 3303 mandare,

296 3324 493 3405 eundemque
515 3343 648 3406 puerum
668 3324 833 3390 adhortari
852 3324 903 3390 vel
919 3325 1015 3389 minis
1032 3331 1198 3406 cogerent
1215 3325 1346 3393 biberet.

296 3427 403 3509 Atque
424 3427 520 3492 telem
544 3429 692 3508 equidem
720 3428 802 3493 hane
830 3428 1062 3493 accusationem
1094 3446 1163 3493 esse
1184 3429 1346 3495 existima-

295 3531 405 3597 verim.
448 3531 589 3596 Duomm
612 3531 712 3612 igitur
733 3530 899 3611 scelerum,
922 3534 949 3595 si
970 3550 1036 3596 rem
1060 3531 1240 3597 accuratius
1261 3539 1346 3598 trac-

297 3640 412 3713 tamus,
443 3633 601 3716 choragus
623 3634 779 3714 arguitur.
824 3631 913 3710 Quae
940 3651 1038 3714 quum
1060 3640 1263 3701 accusatores
1285 3654 1346 3701 non

296 3737 499 3815 secreveriut,
521 3755 560 3801 ne
582 3752 656 3801 reus
677 3737 804 3817 quidem
828 3738 973 3803 secernit.
1004 3737 1105 3803 Immo
1127 3744 1160 3801 et
1182 3739 1258 3820 §17
1282 3738 1346 3804 dis·

293 3840 487 3923 junctionem
517 3838 604 3905 illam
637 3838 678 3904 ab
709 3840 947 3905 accusatoribus
974 3839 1093 3906 iactam
1126 3842 1280 3923 sequitur,
1313 3847 1348 3907 et

298 3944 318 4025 ξ
341 3942 381 4006 15
403 3943 580 4024 propositio
609 3960 690 4024 quae
713 3949 845 4010 vocatur
875 3962 944 4008 eam
967 3943 1066 4008 solam
1089 3934 1235 4027 spectare
1256 3945 1346 4011 vide·

298 4054 361 4112 tur.
405 4048 557 4113 Attamen
580 4065 678 4131 quum
707 4048 727 4134 ἕ
751 4047 791 4113 16
817 4065 891 4113 reus
921 4046 1018 4130 dicat,
1049 4065 1119 4116 sese
1147 4047 1347 4131 testimoniis,
