3100 4834
604 394 816 467 -75ss

187 569 246 637 sibi
270 570 421 652 vindicat,
443 572 552 655 plures
573 577 658 654 sunt,
680 574 878 658 hypophora,
901 576 1103 658 apostrophe,
1126 575 1238 658 ironia,

186 674 354 756 emphasis,
399 675 519 757 InJuria
541 676 638 742 etiam
661 676 786 743 Blaesio
808 678 935 743 videtur
964 679 997 744 in
1019 679 1161 744 oratione
1183 680 1238 746 VI.

185 778 367 858 anaphorae
396 783 430 842 ot
459 778 719 860 interrogationis
752 798 828 846 usus
857 781 958 846 multo
988 781 1086 847 latius
1119 792 1239 863 patere.

186 879 261 946 Istis
290 880 389 963 igitur
414 877 543 961 figuris,
572 899 671 964 quum
701 883 889 963 praesertim
922 883 1047 948 omnino
1076 883 1162 948 haud
1193 885 1240 950 ita

186 1001 279 1065 saepe
301 987 410 1049 orator
432 982 471 1047 iis
493 987 614 1065 utatur,
636 985 740 1049 minus
762 985 840 1050 mihi
862 985 989 1066 quidem
1014 984 1096 1052 effici
1111 987 1240 1052 videtur

187 1079 303 1162 πάθος
333 1085 413 1151 illud
442 1086 528 1168 quod
557 1085 671 1152 Graeci
702 1093 818 1154 vocent
848 1089 879 1152 io
912 1089 1055 1153 oratione
1077 1089 1132 1154 VI.
1177 1089 1241 1156 Sed

187 1189 323 1270 primum
346 1189 474 1271 quidem
505 1189 605 1254 multo
635 1189 736 1270 maJor
763 1195 814 1256 est
842 1189 1021 1270 frequentia
1050 1190 1241 1274 polysynde-

188 1299 290 1356 torum
319 1291 351 1355 in
374 1291 434 1357 hac
462 1291 623 1372 oratione,
655 1292 770 1358 deinde
799 1291 899 1358 multo
928 1292 1084 1374 copiosius
1115 1294 1241 1360 dicendi

189 1412 297 1476 genua.
348 1394 453 1477 Atque
490 1394 809 1460 animadvertendum
845 1401 924 1477 puto
959 1397 992 1461 in
1028 1397 1171 1462 oratione
1202 1397 1241 1463 V.

189 1502 311 1562 tantam
333 1515 403 1563 esse
424 1496 619 1577 singulorum
642 1505 901 1581 argumentorum
931 1499 1140 1579 gravitatem,
1171 1506 1243 1564 tan·

189 1610 253 1664 tam
291 1599 522 1665 antithetorum
555 1599 793 1666 multitudinem
824 1605 858 1665 et
890 1606 1011 1678 artem,
1048 1609 1085 1666 ut
1118 1602 1144 1669 si
1179 1620 1243 1683 qua

189 1708 295 1768 orator
324 1702 438 1784 figuris
467 1721 549 1786 quae
577 1704 619 1767 ad
650 1721 776 1768 sensum
808 1704 946 1769 attinent
978 1709 1106 1785 utatur,
1140 1705 1243 1770 minus

188 1806 220 1870 in
253 1824 347 1871 aures
378 1804 526 1885 influant,
563 1807 594 1870 iu
628 1805 771 1871 oratione
801 1806 855 1871 VI.
885 1812 992 1871 autem
1033 1806 1091 1872 has
1123 1806 1244 1889 figuras

189 1909 275 1990 ipsas
297 1907 363 1973 iere
384 1908 504 1974 lumina
527 1926 596 1974 osse
618 1909 761 1989 dicendi,
794 1913 831 1972 ut
862 1907 949 1973 nulla
978 1927 1072 1974 aures
1104 1909 1243 1992 effugere

189 2011 302 2093 possit.
337 2012 455 2078 Contra
469 2012 501 2077 in
518 2010 578 2076 hac
593 2012 735 2076 oratione
752 2009 873 2092 figuras
895 2010 1110 2093 epideicticas,
1133 2031 1244 2094 qnam·

192 2132 286 2194 qnam
309 2133 418 2180 eorum
441 2113 526 2179 idem
549 2113 615 2180 fere
636 2132 787 2179 numerus
814 2120 863 2179 est
894 2113 948 2196 qni
975 2113 1007 2178 iu
1031 2114 1173 2180 oratione
1194 2115 1244 2195 V,

191 2218 293 2283 miuus
315 2218 503 2299 conspicuas
524 2234 594 2283 esse
615 2217 771 2298 arbitror,
804 2234 902 2299 quum
925 2216 1030 2280 rarius
1051 2217 1244 2283 antithetica

191 2320 418 2387 sententiarum
449 2318 551 2386 forma
580 2325 613 2385 et
643 2324 805 2395 structura
832 2320 1034 2401 adjuventur.
1056 2354 1098 2365 -
1121 2318 1185 2386 Sed
1207 2328 1245 2385 ut

191 2422 265 2489 illuc
287 2422 465 2502 redeamus,
487 2429 572 2488 recte
594 2422 737 2488 Blassius
768 2427 875 2488 monet
901 2421 1055 2488 orationis
1077 2422 1131 2488 VI.
1155 2442 1244 2488 reum

192 2527 294 2592 acrius
324 2532 357 2592 et
385 2527 589 2592 commotiore
617 2524 722 2591 animo
755 2525 861 2590 dicere
888 2525 1002 2604 ficere,
1041 2524 1161 2607 quippe
1189 2526 1245 2607 qui

193 2648 252 2695 non
275 2629 319 2694 sit
340 2628 434 2694 homo
456 2628 642 2694 adulescens
663 2635 700 2694 ut
721 2628 935 2711 Mytilenaeus
962 2627 1032 2706 ille,
1066 2646 1126 2694 nou
1154 2626 1245 2710 pere-

193 2732 312 2813 grinus,
334 2731 471 2798 Athenis
493 2732 630 2813 ignotus,
652 2733 710 2798 sed
732 2733 781 2797 vir
802 2731 927 2813 longius
942 2734 1051 2796 aetate
1066 2736 1245 2813 provectus,

195 2835 321 2918 majoris
343 2835 561 2913 auctoritatis,
592 2835 688 2913 civis,
717 2835 772 2917 qni
803 2839 837 2899 et
866 2834 946 2899 duas
968 2839 1055 2900 certe
1076 2833 1246 2917 choragias

194 2938 394 3020 praestiterit
421 2943 453 3004 et
486 2938 644 3004 senatorio
674 2956 803 3014 munere
834 2936 963 3002 iunctus
998 2937 1058 3016 sit,
1095 2942 1129 3002 et
1158 2935 1246 3001 haud

194 3041 289 3107 dubie
318 3042 349 3106 in
380 3041 476 3107 rebus
505 3040 640 3123 publicis
671 3041 805 3106 multum
837 3046 992 3105 versatus.
1046 3039 1245 3121 Quamquam

193 3145 338 3211 Blassius
371 3145 502 3227 choragi
530 3135 615 3232 ἦθος
643 3145 727 3225 quod
759 3148 892 3209 vocatur
924 3160 985 3206 uon
1018 3141 1114 3206 aliter
1147 3147 1246 3224 atque

194 3248 377 3333 Mytilenaei
400 3248 484 3313 illins
512 3265 547 3313 se
576 3246 695 3312 habere
724 3248 834 3323 docet,
866 3261 963 3324 quum
991 3248 1127 3325 uterque
1154 3243 1247 3325 probi

195 3372 231 3419 oc
260 3350 414 3433 simplicis
447 3349 565 3433 ingenii
595 3350 732 3432 speciem
764 3367 843 3431 prae
873 3365 907 3412 se
936 3346 1028 3412 ierat.
1077 3346 1166 3413 Idem
1199 3346 1248 3412 vir

195 3457 306 3522 doetus
325 3455 409 3520 inter
423 3453 575 3519 orationis
590 3453 644 3517 VI.
661 3451 814 3535 prooemii
829 3449 1038 3516 elocutionem
1054 3454 1247 3517 ceterarum-

195 3579 256 3643 que
277 3557 418 3641 partium
447 3557 644 3638 aliquantum
676 3557 830 3622 interesse
859 3555 962 3619 docet.
1007 3552 1099 3631 Quod
1131 3553 1248 3619 nemini

195 3662 261 3730 fere
286 3680 346 3727 nou
368 3659 529 3741 probatur.
559 3660 595 3724 In
616 3659 676 3724 hoc
697 3657 858 3741 prooemio
881 3674 941 3721 non
965 3662 1015 3722 est
1036 3661 1144 3723 orator
1165 3675 1248 3731 acer,

195 3750 256 3832 uon
287 3764 481 3843 concitatus,
522 3764 578 3829 sed
609 3762 741 3844 grandis
772 3767 805 3826 et
837 3759 1050 3842 compositus,
1080 3759 1248 3826 sententiis

195 3869 362 3952 gravibus,
395 3865 564 3932 antithetis
592 3865 701 3931 multis
730 3864 835 3930 utitur
864 3864 947 3930 sieut
975 3862 1008 3928 in
1035 3863 1177 3928 oratione
1199 3863 1248 3945 V,

195 3979 293 4055 atque
315 3971 401 4054 quod
421 3969 595 4051 plurimum
617 3968 732 4048 refert,
762 3987 823 4033 non
846 3967 940 4032 modo
961 3966 993 4031 in
1016 3965 1093 4031 locis
1114 3965 1249 4047 geminis

196 4077 251 4143 sed
273 4074 306 4141 in
328 4074 369 4140 iis
392 4072 515 4157 pariter
537 4091 616 4157 quos
644 4071 748 4138 oratio
778 4070 956 4155 peculiares
978 4067 1085 4136 habet.
1128 4068 1249 4134 Eodem
