3100 4834
632 390 844 455 ...23-

209 556 266 640 qui
286 558 421 624 audiunt
438 562 586 641 pendere,
602 581 676 626 nom
692 561 770 643 quid
786 567 819 626 et
834 581 896 643 quo
910 565 1050 646 quidque
1064 564 1132 630 loco
1147 563 1262 629 dicant.

207 661 378 742 Ejusmodi
401 662 527 729 dicendi
549 663 669 747 figuras
699 684 759 730 oon
790 666 884 731 modo
909 668 1103 734 urbanitatis
1125 668 1262 748 speciem

207 764 460 845 praeseferre,
492 766 547 831 sed
572 768 669 831 etiam
692 766 835 850 efficere,
866 775 901 834 ut
932 776 1040 836 orator
1061 790 1100 835 ex
1122 776 1263 850 tempore

209 866 319 934 dicere
341 867 492 933 uideatur
513 874 546 932 et
568 886 683 934 causae
705 888 781 936 suae
804 872 974 937 admodum
998 870 1162 939 confidere.
1194 872 1263 952 (cfr.

209 968 300 1034 Dem.
317 970 347 1034 d.
364 989 426 1036 cor.
444 972 508 1052 11.)
540 972 629 1050 Quae
652 991 709 1039 cur
730 973 791 1040 hoc
813 973 882 1040 loco
899 993 957 1039 noo
973 975 1049 1039 item
1066 994 1100 1040 se
1115 975 1262 1053 habeant,

207 1071 355 1154 equidem
379 1090 438 1138 oon
463 1074 563 1140 video.
607 1075 690 1154 Quid
715 1077 844 1141 tandem
867 1077 1039 1157 choragum
1062 1077 1262 1160 prohibuisse

207 1176 361 1256 dicemus,
385 1194 423 1241 ne
446 1175 525 1241 istas
547 1195 670 1260 quoque
686 1179 922 1246 criminationes
937 1179 1117 1247 refutaret?
1150 1183 1262 1261 Wage·

207 1297 305 1344 nerus
327 1278 454 1361 quidem
477 1280 531 1362 qui
555 1298 683 1346 causam
707 1283 748 1345 ad
772 1300 967 1365 areopagum
998 1283 1136 1349 attinere
1166 1290 1261 1367 putat

207 1381 282 1464 (cfr.
297 1381 398 1448 Blass.
421 1383 461 1446 ¹1.
484 1401 514 1465 p.
533 1382 619 1465 192),
642 1390 773 1465 propter
796 1385 855 1450 hoc
878 1386 981 1466 ipsum
1004 1384 1111 1452 forsan
1134 1385 1260 1452 dubita-

206 1485 361 1565 aeriter
384 1487 527 1568 eoquod
550 1487 756 1567 reprehendit
778 1487 811 1552 id
834 1488 1030 1570 concludere,
1052 1490 1135 1571 quod
1160 1507 1260 1571 neque

205 1587 306 1654 uliam
329 1587 560 1655 dubitationem
582 1588 700 1656 habere
722 1597 756 1656 et
779 1593 992 1658 necessarium
1014 1610 1083 1657 esse
1098 1592 1259 1657 existima-

204 1691 317 1757 uerim.
361 1691 443 1757 Nom
468 1697 575 1759 cetera
597 1710 721 1775 quoque
743 1701 958 1777 argumenta,
980 1694 1096 1779 quibus
1118 1695 1259 1761 Blassius

204 1812 273 1860 rem
298 1800 364 1859 tam
388 1802 629 1862 consentaneam
646 1798 804 1880 repudiat,
826 1798 979 1864 infirmari
995 1817 1088 1882 posse
1101 1799 1260 1865 videntur.

203 1899 313 1980 Atque
333 1896 471 1979 primum
494 1899 623 1979 quidem
646 1900 705 1964 hoc
728 1900 898 1965 maximum
921 1902 1044 1983 pondus
1067 1901 1183 1967 habere
1202 1903 1259 1982 ait,

205 2001 292 2082 quod
328 2007 498 2067 accusatus
533 2003 670 2084 primum
708 2005 749 2069 do
785 2004 856 2085 ipsa
893 2023 988 2070 causa
1026 2004 1171 2071 dicturus
1208 2004 1259 2084 sit,

204 2104 244 2187 ξς
267 2102 368 2171 7-8:
395 2096 471 2188 Ἐγώ
494 2103 540 2185 δὲ,
570 2095 741 2192 ὦίίνδρες,
766 2099 803 2172 οὗ
830 2104 886 2194 τὴν
915 2099 1011 2195 αὐτὴν
1040 2103 1167 2193 γνώμην
1196 2101 1258 2186 ἔχω

205 2204 287 2292 περί
308 2209 365 2295 τῆς
386 2200 577 2293 ἀπολογίας,
606 2203 708 2296 ἥνπερ
731 2207 762 2276 σί
784 2206 957 2298 κατήγοροι
979 2209 1136 2298 περὶτῆς
1157 2234 1256 2296 κατη-

204 2306 327 2398 γορίας.
352 2299 440 2377 οὗτοι
464 2310 545 2396 [μὲν]
576 2310 638 2396 γάρ
667 2311 723 2400 τὴν
752 2311 812 2398 μὲν
842 2310 956 2395 δίωξιν
977 2307 1142 2398 εὐσεβείας
1164 2308 1258 2378 ἕνεκά

169 2488 172 2492 Α
205 2435 290 2501 φασι
325 2418 504 2480 ποιεῖσθαι
542 2413 597 2480 καί
633 2419 690 2482 τοῦ
721 2413 865 2497 δικαίου,
903 2415 959 2505 τὴν
995 2416 1033 2483 δὲ
1063 2413 1257 2504 κατηγορίαν

204 2511 343 2582 ἅπασαν
373 2514 571 2605 πεποίηνται
604 2518 762 2607 διαβολῆς
791 2516 885 2584 ἕνεκα
914 2518 970 2585 καί
998 2512 1141 2607 ἀπάτης,
1166 2513 1255 2605 Ιὅπερ

204 2614 408 2686 άδικιάιατόν
430 2619 501 2687 ἐστι
522 2626 587 2687 τῶν
609 2619 644 2688 ίν
666 2616 869 2708 ἀνθρώποις,
902 2621 959 2688 καὶ
981 2615 1037 2690 οὐκ
1059 2619 1255 2708 ἐλέγξοντες,

204 2718 293 2789 εἴτι
315 2715 435 2804 ἀδικῶ,
468 2722 603 2802 δικαίως
632 2748 674 2810 με
695 2722 867 2809 βούλονται
899 2728 1138 2812 τιμωρεῖσθαι,
1171 2718 1255 2790 ἀλλὰ

204 2822 427 2910 διαβαλόντες,
450 2825 506 2892 καί
528 2824 558 2894 εί
579 2827 679 2914 μηδὲν
700 2821 815 2913 donee,
839 2829 1000 2916 ζημιῶσαι
1023 2827 1079 2894 καί
1101 2825 1254 2910 ἐξελάσαι

202 2926 241 2995 ἐι
262 2932 319 3018 τῆς
340 2932 397 3018 γῆς
419 2925 544 3016 ταύτης.
567 2929 630 3016 ἐγώ
656 2931 693 2997 δὲ
716 2925 799 3014 άξιιῒι
822 2936 953 3020 πρῶτον
975 2930 1036 3016 μὲν
1057 2929 1135 3014 περὶ
1156 2923 1253 2996 αὐτοῦ

205 3031 265 3097 τοῦ
288 3028 484 3120 πράγματος
506 3029 765 3121 ἀποκρίνεσθαι,
796 3034 853 3101 καί
880 3032 1099 3122 διηγήσασθαι
1121 3030 1156 3098 ἐν
1176 3030 1254 3119 ὑμῖν

204 3134 248 3201 τά
271 3130 427 3222 γενόμενα
457 3132 583 3203 πάντα·
614 3133 731 3204 ἔπειτα
758 3136 835 3226 περί
866 3140 931 3204 τῶν
957 3134 1065 3203 άλλων
1093 3127 1139 3203 ὧν
1164 3128 1252 3203 οὗτοι

208 3243 449 3327 κατηγοροῦσιν,
479 3235 536 3306 ἐὰν
556 3236 633 3326 ὑμῖν
653 3237 838 3326 ίδομίνοις,
867 3237 1066 3329 βουλήσομαι
1088 3232 1252 3329 ἀπολογή-

208 3347 346 3424 σασθαι,
369 3338 505 3431 ίγγοῦγιαι
519 3339 580 3429 γάρ
595 3368 652 3427 μοι
667 3342 763 3433 τιμὴν
784 3343 840 3410 καί
862 3337 1021 3432 ὠφέλειαν
1043 3335 1125 3409 αὐτὰ
1139 3339 1252 3427 οἴσειν,

204 3448 278 3523 τοῖς
300 3444 337 3512 δὲ
359 3443 552 3534 κατηγόροις
573 3444 629 3511 καί
651 3451 723 3524 τοῖς
746 3444 981 3536 ἐπηρεάζουσιν
994 3443 1155 3532 αἰσχύνην.
1189 3447 1251 3514 Sed

199 3552 220 3634 ἓ
244 3550 263 3615 7
288 3569 346 3616 uon
370 3551 489 3617 dicitur
510 3551 571 3616 nisi
594 3552 633 3615 de
656 3552 804 3617 universa
826 3552 1044 3630 accusatione,
1077 3560 1108 3617 et
1132 3569 1251 3630 sensus,

200 3658 240 3716 ut
262 3651 413 3719 brevibus
436 3672 505 3719 eam
530 3654 733 3735 complectar,
755 3654 830 3719 talis
851 3660 916 3719 est:
939 3662 1140 3720 accusatores
1163 3652 1250 3718 aliud

200 3754 314 3821 volunt
335 3763 431 3837 atque
454 3774 488 3821 se
509 3756 590 3822 velle
614 3757 733 3838 dicunt,
764 3755 951 3822 calumniari
974 3757 1102 3838 volunt,
1135 3763 1170 3819 ut
1200 3775 1250 3820 me

198 3858 322 3938 iniusta
349 3877 450 3939 poena
479 3857 629 3925 afficiant.
673 3859 761 3924 Haec
792 3865 857 3924 tam
887 3859 918 3924 in
949 3861 1129 3925 universum
1164 3858 1251 3923 dicta

198 3979 269 4026 esse
301 3968 452 4042 apparet,
483 3967 520 4027 ut
551 3963 594 4027 ad
624 3961 800 4043 quamlibet
834 3980 962 4027 oausam
995 3960 1142 4043 apposita
1174 3962 1248 4027 sint.

199 4063 306 4143 Quum
327 4069 495 4147 praeterea
515 4064 674 4133 sententia
697 4070 763 4129 tam
780 4064 932 4131 distincta
947 4063 1063 4131 habeat
1080 4063 1249 4144 antitheta,
