3100 4834
730 338 941 404 „24-

307 518 372 582 tam
395 513 555 599 egregiam
578 512 785 594 componendi
808 510 1069 586 concinnitatem,
1102 507 1210 589 qualia
1245 507 1276 572 in
1299 506 1359 573 hac

307 619 436 699 quidem
458 616 603 682 oratione
624 622 754 697 praeter
780 614 866 679 iocos
895 630 1077 678 communes
1108 612 1212 676 rarius
1239 610 1359 675 inveni·

308 728 421 795 antur,
460 719 548 785 illam
586 735 711 801 quoque
747 717 938 783 senteutiam
971 716 1111 798 exceptis
1145 714 1267 781 verbis:
1304 710 1360 777 καὶ

309 818 463 905 ἐξελάσαι
487 819 523 886 ἐκ
545 822 601 908 τῆς
623 822 679 908 γῆς
700 814 818 905 ταύτης
840 819 942 885 iocum
966 836 1161 885 communem
1184 835 1255 883 esse
1274 816 1360 900 judi·

308 925 463 1006 caverim,
497 926 580 1007 quod
610 943 649 989 ne
678 924 748 1005 ipse
777 923 904 1007 quidem
936 922 1080 987 Blassius
1110 920 1241 1002 rejiciet.
1290 917 1359 1002 (fr.

311 1030 355 1105 Ἰ,
387 1048 417 1110 p.
443 1028 502 1094 197
525 1028 597 1092 adn.
623 1027 658 1107 13
692 1025 767 1090 Ant.
791 1026 853 1107 VI,
879 1027 920 1091 47
945 1031 1025 1095 extr.
1055 1054 1098 1077 =
1128 1024 1173 1103 V,
1204 1024 1246 1089 84
1268 1026 1359 1100 extr.)

309 1131 401 1210 Quod
432 1131 459 1197 si
490 1132 536 1197 ita
569 1136 639 1212 est,
674 1147 737 1195 non
769 1129 1023 1211 exspectabimus
1055 1128 1137 1193 hauc
1169 1126 1357 1192 sententiam

308 1252 440 1316 eamque
463 1252 544 1318 quae
567 1234 712 1315 sequitur
733 1233 767 1315 (ξ
783 1232 817 1315 8)
840 1233 871 1296 in
896 1230 1029 1314 singulis
1049 1235 1198 1297 accurate
1220 1231 1303 1295 inter
1325 1246 1359 1294 se

308 1339 499 1421 respondere
533 1343 629 1420 atque
659 1337 823 1419 oppositus
851 1353 929 1401 esse.
980 1335 1078 1401 Recte
1108 1334 1204 1399 etiam
1236 1333 1360 1399 codices

309 1461 368 1507 nou
390 1442 509 1507 habent
530 1440 609 1506 illud
630 1436 691 1523 μέν
713 1440 798 1504 inter
820 1439 918 1505 verba
940 1426 1027 1503 οὗτοι
1050 1432 1113 1522 γάρ
1136 1437 1169 1521 (ξ
1193 1439 1245 1521 7),
1275 1436 1360 1520 quod

309 1544 484 1610 sententias
513 1543 696 1609 distinctius
727 1543 813 1608 iuter
839 1559 873 1607 sc
903 1542 1066 1623 oppositas
1096 1559 1164 1605 osse
1195 1538 1360 1624 significet.

310 1653 415 1731 Atque
446 1647 524 1712 mihi
554 1646 680 1727 quidem
713 1663 804 1710 omne
833 1643 928 1726 hujus
957 1644 1017 1709 looi
1047 1645 1241 1710 contrarium
1269 1642 1300 1706 in
1323 1659 1360 1706 eo

309 1749 430 1816 uersari
453 1750 591 1831 videtur,
622 1748 708 1830 quod
730 1753 900 1813 accusatus
922 1765 956 1812 sc
988 1764 1066 1826 uon,
1094 1751 1132 1811 ut
1161 1749 1361 1810 accusatores

309 1852 453 1935 iecerint,
475 1852 604 1918 mentiri
626 1858 660 1916 et
683 1850 880 1932 calumniari,
903 1850 960 1916 sed
981 1869 1019 1914 ex
1034 1867 1109 1916 vero
1124 1849 1230 1915 omnia
1244 1847 1361 1913 referre

308 1956 389 2021 velie
412 1955 508 2022 dicat.
553 1957 750 2038 Quamquam
774 1972 812 2018 ne
841 1951 900 2018 hoc
930 1954 1057 2035 quidem
1091 1953 1227 2035 propriis
1258 1950 1362 2016 verbis

310 2077 495 2141 expressum
519 2064 577 2136 est,
600 2063 706 2123 tamen
729 2057 763 2120 id
786 2055 851 2121 iere
874 2054 1054 2139 significare
1076 2057 1225 2123 uidentur
1246 2053 1360 2120 verba:

308 2158 364 2226 καὶ
386 2155 608 2246 διηγήσασθαι
630 2157 665 2224 ἐν
686 2153 765 2243 ὑμῖν
786 2156 828 2223 τὰ
851 2153 1004 2255 γενόμενα
1027 2153 1146 2238 πάντα,
1179 2178 1276 2241 quum
1296 2157 1361 2238 jum

310 2269 418 2329 orator
449 2264 489 2328 ud
520 2262 756 2345 proponendam
788 2262 943 2327 materiae
971 2262 1173 2343 partitionem
1201 2265 1361 2343 properet.

311 2367 521 2447 Quamobrem
551 2366 658 2431 verbis
688 2361 748 2448 tyn*
782 2362 819 2429 δὲ
849 2367 981 2451 πρῶτον
1010 2362 1071 2448 μὲν
1100 2363 1169 2428 κτλ.
1197 2370 1290 2429 tanta
1312 2362 1361 2426 vis

311 2469 481 2534 tribuenda
503 2467 580 2532 mihi
602 2480 662 2531 uon
684 2468 822 2533 videtur.
866 2467 1034 2550 Utcunque
1055 2473 1119 2546 est,
1149 2465 1361 2532 dubitaverim

312 2572 408 2638 etiam
433 2588 507 2634 num
530 2569 670 2636 defensio
697 2571 736 2636 de
765 2571 861 2636 rebus
889 2571 1001 2636 alienis
1032 2569 1165 2637 facilius·
1187 2568 1363 2635 desiderari

313 2673 423 2756 possit,
445 2672 520 2756 quia
543 2673 583 2738 de
605 2673 656 2738 his
678 2680 847 2739 accusatus
868 2681 980 2755 postea
1002 2673 1147 2739 dicturus
1168 2673 1221 2738 sit.
1253 2672 1363 2754 Neque

313 2777 397 2841 enim
419 2776 503 2858 quod
526 2781 666 2841 extremo
688 2775 756 2840 loco
775 2776 919 2856 dicimus,
942 2776 974 2841 id
991 2776 1113 2841 minimi
1129 2775 1280 2841 momenti
1294 2792 1363 2840 esse

313 2898 438 2961 semper
467 2878 658 2961 judicamus.
689 2915 729 2923 -
763 2880 807 2946 At
830 2879 973 2946 Blassius
1002 2879 1119 2945 multas
1152 2898 1203 2944 ras
1225 2899 1245 2944 a
1268 2895 1364 2942 causa

314 2982 434 3047 alienas
457 2982 488 3047 in
512 2981 664 3047 orationis
686 2987 793 3064 parte,
822 3001 917 3066 quam
948 3002 1005 3049 nos
1027 2981 1198 3058 habemus,
1230 2999 1365 3048 comme·

315 3084 429 3150 morari
453 3085 540 3165 dicit,
563 3088 596 3149 et
618 3087 729 3150 eadem
751 3093 844 3167 parte
865 3086 963 3151 etium
985 3083 1078 3167 effici,
1106 3092 1142 3150 ut
1164 3083 1366 3150 adversarios

315 3188 525 3254 accusationis
554 3189 683 3269 pudeat.
728 3189 809 3254 Sane
839 3190 966 3272 quidem
996 3188 1142 3265 efficitur,
1172 3206 1269 3272 quum
1292 3184 1365 3254 cho·

315 3309 412 3370 uagus
436 3290 476 3355 de
498 3291 736 3357 accusatoribus
757 3291 892 3373 pecunia
914 3292 1072 3373 corruptis
1101 3309 1139 3356 ac
1167 3291 1282 3355 deinde
1303 3289 1366 3355 sibi

316 3392 528 3459 reconciliatis
550 3399 688 3458 auamat.
724 3396 924 3476 Quamquam
947 3395 1006 3460 hoc
1029 3396 1075 3460 ita
1097 3412 1165 3459 sese
1181 3394 1365 3460 effecturum

316 3494 493 3577 perspicuis
514 3495 621 3560 uerbis
643 3496 737 3577 dicit,
770 3504 805 3561 ut
828 3496 986 3563 derebus
1009 3517 1029 3561 a
1050 3514 1147 3564 causa
1175 3496 1287 3562 alienis
1316 3516 1365 3562 re·

317 3599 482 3679 spondeat.
526 3597 636 3681 Neque
659 3599 756 3664 etiam
779 3600 814 3664 id
836 3599 895 3664 sibi
923 3600 984 3681 ipsi
1013 3600 1134 3679 effecit,
1164 3601 1248 3681 quod
1271 3593 1367 3686 τιμὴν

317 3698 375 3764 καὶ
397 3692 556 3786 ὠφέλειαν
578 3700 737 3784 appellat,
772 3703 921 3783 quodque
951 3721 1020 3766 mea
1049 3703 1178 3783 quidem
1209 3704 1368 3769 sententia

318 3803 423 3886 potior
445 3822 542 3869 causa
564 3809 624 3885 est,
647 3822 703 3868 cur
725 3805 765 3868 de
782 3804 853 3869 istis
869 3804 963 3870 rebus
979 3805 1076 3870 verba
1090 3804 1195 3871 facere
1211 3806 1367 3872 debuerit.

318 3907 492 3971 Accusatus
515 3905 597 3971 enim
619 3924 680 3971 non
705 3913 771 3982 tam
793 3907 852 3972 hoc
874 3909 1049 3973 consectari
1064 3914 1200 3990 oportet,
1223 3913 1259 3973 ut
1275 3910 1366 3993 igno·

319 4006 448 4088 primam
471 4007 663 4087 adversariis
685 4007 832 4089 inferant,
861 4029 955 4105 quam
979 4017 1015 4075 ut
1038 4011 1100 4103 ipsi
1124 4011 1295 4085 laudentur
1316 4014 1368 4086 vel
