3100 4834
740 380 952 446 -ῃ-

321 555 355 616 et
376 551 460 616 omni
482 552 575 617 modo
598 557 764 632 corruptos
787 569 859 616 esse
881 556 1013 617 constet.
1046 552 1139 617 Haud
1156 552 1253 617 dubie
1275 551 1373 617 etiam

320 675 364 719 or.
387 655 439 721 VI.
462 654 563 720 multo
593 655 665 737 pius
695 673 789 735 quam
820 660 944 719 ceterae
974 654 1210 736 depravationis
1241 662 1374 735 experta

320 765 377 822 est.
422 760 527 840 Atque
549 764 744 839 quantopere
774 756 908 823 haeres
931 759 1017 822 casui
1040 757 1089 824 vel
1111 759 1210 823 errori
1233 757 1374 823 ludibrio

319 860 447 941 fuerint,
469 859 668 940 potissimum
691 858 888 940 intellegitur
910 878 970 924 usu
992 861 1077 924 vocis
1099 855 1165 924 σύν.
1209 861 1279 927 Hae
1300 861 1375 943 ipsa

319 963 421 1026 forma
452 981 496 1027 or.
524 962 563 1028 V.
592 962 675 1026 sieut
707 962 761 1027 VI.
794 980 919 1042 semper
950 962 1053 1027 utitur
1088 963 1226 1044 exeeptis
1262 964 1300 1045 ἓξ
1330 963 1374 1031 78

321 1060 520 1149 (ξυμβόλων)
549 1071 582 1132 et
612 1066 652 1134 87
682 1060 863 1148 (ξυνειδιός)
894 1071 927 1131 et
956 1066 1007 1131 93.
1051 1066 1088 1130 In
1111 1067 1171 1133 bae
1193 1086 1255 1131 una
1276 1085 1373 1147 para·

244 1178 246 1183 '
320 1167 442 1250 grapho
472 1168 621 1250 deinceps
652 1168 785 1250 legitur:
827 1163 942 1255 ξννῄδη
965 1205 1006 1213 -
1029 1164 1307 1250 σινσγωνίζεσθαι
1330 1207 1373 1214 -

321 1266 481 1336 συνειδότι
516 1308 558 1318 -
591 1269 809 1350 συνεξέσωσεν
841 1307 882 1316 -
916 1268 1093 1351 ξυνειδέναι
1124 1308 1168 1319 -
1201 1267 1373 1352 guardam.

322 1373 469 1439 Ceterum
489 1372 624 1438 formam
648 1375 797 1459 κρεῖττον
818 1373 917 1440 babes
936 1375 966 1437 in
983 1373 1074 1457 trgm.
1091 1375 1142 1454 69,
1164 1373 1266 1440 forma
1289 1369 1372 1439 ἅττα

320 1476 546 1558 Antiphontem
570 1476 666 1541 etiam
689 1475 721 1539 in
744 1495 789 1541 or.
812 1494 870 1556 pro
885 1476 1016 1556 Myrrbo
1032 1495 1123 1540 usum
1142 1495 1210 1542 esse
1233 1485 1373 1544 testatur

320 1579 436 1644 Suidas
456 1577 550 1659 frgm.
572 1578 615 1643 34
644 1584 677 1642 et
707 1579 766 1657 35;
797 1579 908 1644 eodem
939 1579 1041 1643 utitur
1070 1585 1178 1645 orator
1204 1579 1297 1661 frgm.
1320 1581 1372 1648 27.

319 1681 355 1745 In
378 1700 421 1744 or.
444 1681 499 1746 VI.
522 1681 575 1764 (ἓξ
600 1682 649 1760 15,
671 1681 727 1763 26)
747 1682 843 1745 etiam
867 1680 986 1762 legitur
1002 1684 1091 1768 παρῆ
1106 1689 1138 1746 et
1153 1673 1172 1768 ἦ
1185 1702 1244 1764 pro
1259 1674 1296 1770 ἢν
1310 1692 1371 1750 ete.

319 1784 402 1849 sicut
425 1784 455 1848 in
478 1784 571 1867 frgm.
595 1787 622 1849 1.
667 1783 815 1849 Formam
846 1780 881 1860 ἐς
902 1803 960 1864 pro
982 1779 1030 1860 εἰς
1052 1803 1153 1866 neque
1173 1804 1217 1850 or.
1239 1788 1293 1851 VI.
1317 1807 1372 1852 ne·

318 1906 379 1969 que
402 1887 439 1952 V.
461 1886 568 1953 habet.

384 2213 428 2278 Ut
449 2214 585 2293 denique
607 2211 795 2296 colligamus
817 2218 914 2293 atque
936 2213 995 2278 sub
1018 2233 1079 2279 uno
1106 2220 1268 2296 tamquam
1297 2236 1371 2282 con-

318 2323 429 2398 speetu
458 2334 629 2398 ponamus,
661 2334 744 2398 quae
774 2322 870 2381 oratt.
893 2316 931 2381 V.
961 2323 994 2381 et
1024 2316 1079 2381 VI.
1106 2317 1286 2384 eommunia
1314 2320 1372 2384 ba·

319 2418 430 2497 beant,
451 2437 533 2501 quae
555 2418 723 2499 utriusque
744 2418 875 2500 propria
897 2419 979 2500 sint,
1011 2419 1056 2484 sie
1077 2418 1144 2484 fere
1162 2421 1372 2501 judicandum

318 2539 387 2586 esse
409 2527 496 2602 puto.
520 2558 561 2566 —
584 2521 725 2586 Primum
749 2520 878 2602 quidem
894 2541 932 2586 ex
947 2523 1239 2588 enumerationibus
1255 2526 1373 2590 nostris

318 2623 421 2688 elucet
436 2627 521 2689 recte
537 2641 572 2689 se
589 2622 708 2688 babere
723 2622 842 2689 Blassii
857 2624 1056 2703 sententiam,
1077 2627 1130 2705 qui
1148 2627 1301 2691 orationis
1315 2628 1370 2693 VI.

263 2740 265 2743 ’
318 2726 467 2810 periodos
480 2727 610 2807 maJ‘oris
620 2744 689 2792 esse
701 2726 841 2792 ambitus
856 2727 944 2793 dicit.
966 2727 1139 2810 Pleraeque
1157 2729 1241 2793 enim
1256 2729 1371 2794 oratio-

318 2830 366 2895 nis
382 2829 419 2894 V.
441 2827 566 2910 periodi
592 2829 655 2892 duo
679 2829 729 2893 vel
748 2830 811 2895 tria
827 2830 896 2896 oola
915 2830 1176 2912 complectuntur,
1200 2831 1371 2915 pleraeque

317 2932 469 2996 orationis
492 2930 546 2996 VI.
569 2928 635 2996 iere
666 2931 729 2996 tria
760 2932 810 2997 vel
840 2938 1000 3014 quattuor.
1043 2931 1172 2998 Periodi
1195 2953 1276 3016 quae
1298 2933 1370 3015 pins

317 3040 469 3115 quattuor
491 3032 633 3098 membro
656 3033 785 3115 babent,
808 3036 840 3100 in
863 3055 908 3100 or.
924 3035 977 3100 VI.
999 3055 1101 3117 paene
1124 3037 1221 3117 duplo
1242 3037 1370 3119 saepius

316 3137 476 3218 leguntur.
506 3135 741 3201 Monocolarum
763 3137 965 3219 periodorum
987 3138 1019 3202 in
1043 3158 1087 3203 or.
1103 3138 1141 3203 V.
1159 3139 1231 3221 plus
1255 3140 1370 3223 duplus

316 3245 366 3304 est
395 3257 553 3305 numerus.
598 3238 721 3303 Deinde
752 3242 838 3321 quod
873 3260 933 3306 non
965 3241 1096 3306 minoris
1129 3243 1280 3308 momenti
1310 3250 1369 3323 est,

315 3342 437 3423 periodi
468 3359 601 3423 quarum
634 3342 774 3408 membra
804 3362 843 3407 ex
876 3362 978 3426 aequo
1007 3353 1082 3410 sunt
1112 3345 1234 3425 posita,
1272 3345 1369 3428 duplo

315 3444 443 3525 saepius
466 3442 532 3509 sere
554 3443 704 3524 leguntur
725 3444 756 3509 in
781 3464 825 3510 or.
848 3445 886 3511 V.
919 3448 1006 3526 Quae
1030 3446 1264 3529 discrepantiae
1286 3450 1370 3514 unde

316 3548 460 3612 oriantur
485 3545 578 3611 facile
600 3546 775 3629 intelleges.
810 3549 846 3612 In
868 3551 1143 3630 argumentatione
1164 3551 1247 3615 enim
1271 3551 1370 3617 artifi-

316 3650 412 3728 ciosa,
435 3654 590 3730 contorta,
613 3647 746 3727 difficili,
767 3652 870 3716 omnis
891 3651 1017 3733 generis
1039 3653 1279 3734 probationibus
1301 3660 1370 3719 tota

315 3752 364 3816 vis
385 3760 418 3816 et
441 3771 538 3834 opera
560 3751 665 3833 posita
687 3758 736 3817 est
758 3753 911 3819 orationis
926 3753 964 3818 V.
1002 3757 1107 3837 Atque
1122 3756 1260 3836 plurima
1274 3776 1369 3838 argu-

315 3861 423 3919 menta
445 3860 519 3919 sunt
541 3848 651 3918 εἰκόνα
674 3853 739 3934 illa,
762 3857 793 3921 in
817 3856 931 3940 quibus
946 3863 1070 3924 veteres
1081 3859 1147 3939 jam
1163 3858 1369 3940 Antiphontis

313 3958 543 4039 praestantiam
566 3965 770 4036 agnoverunt.
812 3959 911 4025 Fiunt
933 3968 1039 4025 autem
1064 3960 1249 4044 plerumque
1271 3981 1368 4043 quum

314 4078 366 4130 res
388 4061 470 4132 inter
492 4077 526 4130 se
556 4065 798 4150 comparantur;
827 4061 919 4130 binas
947 4063 1091 4133 notiones
1122 4065 1172 4133 vel
1194 4067 1369 4136 sententias
