3100 4834
587 349 798 417 ..53-

166 516 251 583 ratio
288 518 426 585 causalis
458 539 554 603 quum
592 530 725 604 propter
755 523 985 605 paratuoticam
1020 528 1215 589 structuram

165 620 198 684 in
220 622 354 688 obscuro
376 623 436 703 sit,
469 625 501 688 in
533 627 669 689 secundo
697 625 838 691 membro
868 626 1089 692 additamento
1110 625 1217 705 aliquo

165 723 373 805 explanatur:
411 726 449 805 V,
474 728 540 792 181
573 775 611 791 ..
637 775 643 788 .
671 721 789 792 ἔπειτα
819 731 1029 793 κακοπαθεῖν
1062 730 1132 811 (με)
1170 726 1217 813 τῷ

166 822 304 912 σώματι,
326 823 401 904 τούς
423 850 458 893 τε
480 824 597 915 φίλους
620 829 890 916 προθυμοτέρους
914 826 999 911 ἔχειν
1018 828 1094 907 τοὺς
1116 828 1216 914 ἐμαυ-

164 932 239 1010 τοῦ,
269 926 400 1007 τοάτοις
428 928 469 997 τὰ
492 931 599 1019 ψευδῆ
619 936 797 1019 μαρτυρεῖν
817 927 932 1021 111μοὶ
954 926 1083 1020 τάληθῆ
1103 930 1215 1017 λέγειν,

165 1029 220 1096 διά
244 1031 301 1120 τὴν
324 1035 383 1100 τοῦ
412 1030 565 1120 σώματος
593 1033 833 1102 κακοπάθειαν.
877 1037 1030 1104 Similiter
1050 1037 1105 1117 VI,
1133 1038 1215 1103 362.

163 1133 273 1201 Etiam
302 1158 341 1203 err
370 1140 565 1206 antitheseos
596 1140 699 1205 forma
728 1136 948 1224 ([μέν1-ι1ε1
978 1141 1120 1206 membra
1144 1158 1216 1206 oon·

159 1241 357 1324 Junguntnr,
389 1243 442 1324 VI,
467 1244 546 1322 123,
580 1243 619 1324 V,
641 1242 720 1318 352,
749 1243 828 1324 193,
858 1244 939 1309 863.
968 1280 1011 1290 -
1039 1242 1217 1309 Enuntiata

162 1361 299 1424 quorum
322 1364 418 1410 unum
441 1345 576 1411 alterum
599 1345 747 1428 explicat,
777 1345 853 1410 item
876 1345 946 1427 pari
968 1345 1036 1410 loco
1057 1351 1218 1427 ponuntur

161 1465 240 1515 voce
260 1444 319 1512 καί
340 1456 398 1514 etc.
422 1451 598 1532 conjuncta,
628 1447 717 1513 velut
738 1449 794 1527 VI,
818 1451 865 1514 12
889 1499 897 1513 .
919 1497 926 1513 .
951 1496 959 1512 .
980 1443 1155 1531 βούλονταί
1175 1470 1216 1533 με

164 1546 329 1636 ζημιῶσαι
350 1549 407 1616 καὶ
428 1545 582 1632 ἐξελάσαι
604 1549 641 1616 ἐκ
662 1553 720 1639 τῆς
740 1554 798 1638 γῆς
819 1548 957 1636 ταύτης,
988 1553 1030 1617 11).
1052 1553 1112 1631 41,
1136 1553 1216 1631 182,

161 1655 247 1733 281,
269 1656 350 1737 362,
371 1656 453 1737 412,
475 1655 565 1734 461;
593 1654 632 1735 V,
654 1653 840 1734 332361,
861 1656 944 1736 461,
966 1655 1049 1736 463,
1071 1655 1150 1723 683..
1172 1691 1215 1702 -

162 1755 409 1823 Enuntintiones
428 1758 628 1823 concessivae
643 1756 839 1822 antitheseos
862 1758 955 1822 modo
975 1759 1048 1838 pari
1070 1755 1138 1821 loco
1158 1776 1215 1839 po·

161 1859 245 1925 sitae
268 1870 344 1925 sunt
365 1860 421 1939 VI,
444 1861 502 1940 12,
531 1860 569 1940 V,
593 1859 672 1925 163.
699 1895 742 1906 -
772 1859 949 1940 Bellingius
972 1861 1017 1942 (p.
1039 1860 1096 1942 26)
1117 1860 1215 1925 etiam

162 1964 305 2029 ostendit
326 1982 422 2046 saepe
445 1970 530 2028 totas
550 1962 743 2043 sententias,
774 1979 966 2044 quamquam
997 1980 1056 2044 per
1077 1962 1215 2028 rationes

161 2085 244 2148 quae
267 2068 351 2132 inter
372 2084 427 2131 eas
448 2065 647 2131 intercedant
668 2064 802 2144 licuerit,
831 2066 863 2128 in
886 2065 1080 2145 periodicum
1102 2066 1215 2131 circui·

162 2178 232 2236 tum
255 2189 314 2235 non
348 2170 486 2235 inclusas
507 2185 592 2243 esse,
625 2167 713 2232 velut
735 2167 797 2249 Πβ
818 2168 866 2233 41
892 2166 985 2232 123113
1007 2168 1052 2232 sic
1074 2169 1138 2234 dici
1159 2186 1215 2251 po·

162 2274 278 2339 tuerit:
301 2267 422 2358 καίπερ
438 2263 542 2335 ildico
557 2260 613 2333 οὖν
627 2265 791 2349 πάσχοντι
806 2264 891 2353 ἐμοί,
909 2266 955 2356 μὴ
969 2261 1215 2355 ἀπολογεῖσθαι

161 2371 264 2458 μόνον
284 2371 470 2459 βιαζομένῳ
492 2366 576 2439 άλλά
598 2371 656 2437 καὶ
678 2370 753 2448 τοὺς
774 2364 1034 2449 ἀποκτείναντας
1057 2371 1215 2462 φανεροὺς

160 2478 367 2567 καταστῆσαι
374 2528 382 2559 ,
415 2472 505 2563 ὅμως
535 2474 593 2541 καὶ
622 2475 719 2541 τοῦτο
747 2473 969 2562 ἐπιχειρητέον
997 2495 1073 2558 pru:
1110 2472 1215 2543 iidlou

160 2581 222 2664 μὲν
243 2574 300 2646 οὖν
321 2578 439 2663 πάσχω
462 2629 470 2646 .
495 2630 503 2646 .
526 2630 534 2645 .
558 2574 648 2666 ὅμως
670 2576 709 2644 δέ
732 2578 802 2645 κτλ.
846 2581 944 2646 Recte
976 2598 1071 2662 sane3
1101 2583 1158 2648 sed
1181 2582 1212 2647 in

160 2684 223 2754 hac
244 2706 280 2753 re
302 2705 405 2768 pauca
435 2684 581 2768 exempla
611 2683 785 2767 insigniora
813 2682 990 2749 sufficiant:
1020 2683 1075 2765 VI,
1104 2685 1163 2767 31,
1186 2694 1214 2766 2,

160 2790 246 2872 262,
269 2799 299 2873 3,
321 2790 403 2872 332,
426 2798 455 2871 3,
476 2789 558 2865 422,
582 2797 619 2868 3;
652 2786 691 2868 V,
715 2786 797 2867 112,
822 2794 851 2868 3,
873 2793 903 2869 4,
934 2788 1013 2867 191,
1031 2796 1059 2868 2,
1089 2790 1168 2868 232,
1184 2797 1215 2869 2,

159 2894 242 2975 442,
265 2902 295 2976 3,
317 2902 347 2975 4,
377 2892 460 2973 413,
482 2903 511 2973 4,
542 2889 623 2970 133,
645 2899 675 2955 4.

225 2997 348 3063 Deinde
369 2996 402 3061 in
424 2994 592 3062 manifesto
613 3000 666 3060 est
683 3000 880 3074 quantopere
902 2992 934 3058 in
950 2992 1073 3060 deliciis
1095 2994 1214 3061 habeat

160 3107 284 3181 orator,
317 3097 459 3165 membra
487 3096 605 3164 vernis«
625 3096 824 3163 correlativis
851 3103 1014 3177 tamquam
1036 3098 1140 3161 artius
1161 3116 1213 3161 co·

160 3210 355 3287 agmentare.
398 3200 581 3267 Goellrelius
603 3200 727 3283 (1241)
748 3218 853 3281 pauca
874 3199 1020 3280 exempla
1041 3199 1151 3276 aliern
1174 3219 1212 3266 ex

159 3313 325 3373 re‘autem
347 3306 438 3371 uobis
460 3304 624 3388 proposita
652 3322 721 3369 esse
752 3304 897 3382 videtur,
927 3303 1009 3369 hanc
1038 3304 1213 3386 materiem,

160 3416 313 3494 quantum
344 3427 530 3491 possumus,
563 3427 602 3474 ex
632 3412 728 3472 oratt.
753 3407 791 3472 V.
813 3413 847 3471 et
875 3406 931 3471 VI.
963 3405 1121 3490 supplere.
1165 3408 1213 3471 Ac

159 3516 296 3596 primum
333 3513 460 3595 quidem
494 3510 661 3578 enuntiato
692 3510 828 3576 relativa
859 3509 963 3575 artius
995 3511 1213 3593 adjunguntur

157 3616 342 3700 pronomine
363 3614 627 3696 demonstrativo,
649 3615 717 3679 sive
739 3614 799 3679 hoc
820 3613 861 3678 iis
881 3614 1052 3694 antecedit,
1083 3614 1151 3679 sive
1173 3631 1212 3678 32

158 3720 313 3802 sequitur.
357 3719 411 3798 vl,
437 3722 483 3787 12
512 3720 608 3784 τοῦτο
636 3719 711 3800 γοῦν
740 3711 912 3803 ὑπάρχειν,
945 3710 1029 3801 ὅπερ
1057 3713 1212 3801 μέγιστον

159 3820 222 3908 ἐγώ
244 3818 367 3907 νομίζω
391 3819 425 3886 ἐν
448 3816 618 3908 πράγματι
641 3816 795 3905 τοιοάτιμς
828 3821 870 3887 ib.
892 3821 952 3902 52,
975 3821 1033 3897 61,
1063 3821 1123 3900 65,
1153 3818 1212 3897 11,

159 3927 216 4009 93,
248 3928 327 4008 162,
360 3926 440 4006 163,
476 3926 557 4003 112,
593 3923 669 4004 184,
699 3925 781 4003 342,
817 3924 899 4002 311,
931 3925 984 4001 40,
1014 3923 1095 4000 411,
1129 3922 1211 4002 432,

158 4031 240 4113 412,
254 4033 306 4112 49,
321 4026 395 4110 [11].
428 4028 534 4094 Etiam
549 4029 604 4110 Vl,
621 4029 659 4093 11
677 4036 688 4088 1
707 4028 737 4093 in
754 4027 868 4093 horum
885 4043 1014 4092 numero
1029 4025 1210 4092 habendum
