3100 4834
669 427 880 491 ..75-

250 595 345 660 modo
378 595 418 660 de
449 595 697 683 προκατασκευῇ
729 595 786 662 illa
814 596 1022 679 judicandum
1055 596 1132 661 mibi
1166 595 1305 662 videtur.

250 698 312 763 Sed
335 698 408 765 aliis
430 688 555 783 quoque
576 699 654 765 locis
676 702 855 766 orationum
878 699 1003 765 dicendi
1037 699 1174 765 rationes
1200 700 1305 765 miuus

241 802 334 866 inter
356 819 390 867 se
411 801 582 868 abhorrere
603 809 700 885 puto,
730 803 833 869 lucum
856 803 971 884 istum,
1002 820 1094 885 quem
1117 801 1305 867 memoravi-

248 921 337 985 mus,
369 904 522 970 orationis
543 905 580 969 V.
604 906 642 988 ἓξ
665 905 802 986 77-79,
833 906 975 987 proxime
995 904 1146 971 accedere
1168 904 1209 970 ad
1232 924 1305 970 ora·

250 1005 346 1071 tionis
368 1005 423 1073 VI.
442 1008 592 1073 narrandi
623 1009 797 1088 rationem,
826 1008 978 1074 orationis
1000 1008 1055 1072 Vl.
1078 1007 1096 1089 ξ
1119 1007 1247 1072 31-33
1269 1012 1304 1071 et

250 1110 289 1191 ξς
311 1109 440 1176 41-44
461 1111 504 1176 ad
524 1113 676 1178 usitatam
693 1112 846 1178 orationis
861 1112 898 1177 V.
915 1111 1133 1190 elocutionem,
1155 1109 1303 1175 similiter

249 1214 385 1294 saepius
438 1213 503 1280 Cur
536 1232 610 1280 vero
644 1214 799 1281 orationis
831 1214 884 1280 VI.
914 1213 1109 1296 prooemium
1143 1233 1164 1277 a
1196 1217 1303 1279 cetera

249 1321 343 1395 parte
372 1316 419 1381 ita
449 1319 593 1398 recedat,
625 1336 722 1383 causa
751 1336 812 1383 uon
842 1316 977 1383 obscura
999 1322 1057 1382 est.
1103 1316 1197 1397 lpsae
1219 1316 1301 1381 euim

249 1436 301 1483 res
332 1419 371 1483 de
401 1419 517 1501 quibus
550 1420 595 1485 ibi
626 1421 772 1502 disputat
797 1427 906 1487 orator
928 1420 1049 1501 grande
1071 1418 1153 1484 illud
1176 1417 1302 1484 dicendi

251 1540 351 1602 genus
373 1520 541 1604 patiuntur
562 1541 600 1588 ac
621 1522 689 1589 iere
711 1523 890 1606 postulant,
921 1522 1071 1605 pedestre
1094 1521 1302 1588 concitatum-

250 1643 311 1706 que
348 1632 511 1707 respuunt.
566 1628 671 1706 Atque
712 1646 750 1691 ex
787 1625 941 1708 ejusmodi
978 1624 1073 1690 rebus
1108 1622 1301 1706 prooemium

250 1732 411 1808 sumptum
443 1746 513 1792 cum
544 1728 751 1810 Antiphontis
782 1728 1011 1795 cousuetudine
1041 1726 1160 1808 optime
1190 1744 1302 1793 conve-

236 1830 319 1921 nire
341 1829 461 1912 opinor.
500 1830 650 1898 deiferos
672 1838 840 1914 praeterea
863 1830 957 1895 velim
980 1831 1064 1913 quod
1088 1829 1303 1907 Quintilianus

228 1934 289 2007 ,de
311 1933 372 1997 bac
394 1951 429 1998 re
451 1934 542 2010 docet
563 1934 633 2013 (IV,
658 1935 686 2016 1,
708 1935 780 2014 bb):
804 1935 899 1999 etiarn
923 1935 955 1997 in
978 1951 1075 1999 causa
1097 1932 1302 1998 indubitabili

250 2034 399 2102 fiduciam
433 2037 465 2101 in
495 2038 656 2119 prooemio
687 2055 721 2102 se
752 2038 854 2118 ipsam
891 2053 1034 2100 exserere
1071 2035 1202 2100 nimium
1239 2051 1302 2098 uon

249 2137 380 2217 debere3
412 2139 444 2203 in
472 2139 629 2220 principio
659 2139 740 2204 enim
771 2138 876 2205 odisse
894 2139 1034 2221 judicem
1057 2136 1122 2202 lere
1144 2137 1301 2219 litigantis

251 2241 463 2306 securitatem.
488 2278 529 2287 -
551 2242 598 2308 Ut
619 2244 754 2326 denique
776 2242 873 2307 etiam
897 2242 957 2306 boc
978 2257 1237 2319 commemorem,
1269 2240 1301 2304 in

251 2342 460 2425 amplioribus
496 2345 568 2410 istis
594 2345 746 2411 orationis
772 2344 827 2410 VI.
859 2344 1041 2422 sententiis,
1078 2361 1299 2426 nonnunquam

249 2444 469 2529 polysyndetis
499 2454 624 2513 tantum
655 2466 756 2530 neque
787 2447 853 2512 ulla
884 2464 955 2511 cum
984 2453 1053 2511 arte
1082 2444 1207 2527 longius
1228 2464 1304 2527 pro-

250 2548 373 2628 ductis,
406 2550 434 2613 si
455 2551 511 2631 qui
532 2550 729 2633 aequabilem
753 2550 921 2616 verborum
942 2549 1109 2615 circuitum
1132 2553 1304 2630 aptamque

250 2651 480 2718 conclusionem
510 2652 693 2719 desiderant
724 2658 757 2719 et
778 2653 976 2734 Antiphonte
1007 2651 1126 2716 idcirco
1155 2650 1303 2731 indignas

251 2771 320 2818 esse
343 2754 469 2835 dicunt,
496 2756 641 2837 equidem
673 2763 805 2838 propter
836 2756 895 2823 boc
925 2755 1028 2840 ipsum
1051 2754 1225 2819 orationem
1249 2771 1301 2817 vc·

250 2857 378 2921 tustiori
401 2857 447 2922 illi
471 2857 669 2940 eloquentiae
691 2861 793 2924 aetati
816 2856 1053 2939 vindicaverim,
1081 2875 1145 2938 qua
1166 2856 1303 2938 periodi·

251 2977 321 3023 cum
345 2960 471 3025 dicendi
499 2978 599 3041 genus
630 2962 768 3027 nondum
795 2961 939 3027 florebat.
984 2959 1119 3024 Omnino
1141 2978 1202 3025 nou
1224 2958 1304 3024 mibi

250 3062 377 3128 videtur
400 3062 479 3128 satis
500 3063 636 3145 probata
657 3082 764 3130 eorum
788 3064 958 3144 sententia,
985 3062 1040 3144 qui
1063 3062 1303 3145 quibuscunque

249 3164 409 3231 orationes
431 3167 515 3232 inter
537 3184 572 3231 se
593 3167 794 3248 discrepant,
824 3166 855 3231 in
885 3166 926 3231 iis
957 3167 1099 3231 diversos
1121 3163 1302 3231 orationum

250 3275 395 3333 auctores
417 3269 545 3351 agnosci
568 3269 760 3335 existimant.
798 3268 909 3352 Neque
931 3286 1002 3334 cum
1026 3268 1201 3351 Wagcuero
1225 3267 1303 3333 mibi

249 3371 442 3453 persuadere
463 3391 601 3453 possum,
624 3371 787 3438 falsarium
812 3372 1006 3437 ineruditum
1029 3371 1069 3436 iis
1092 3372 1196 3445 rebus,
1219 3389 1302 3452 quac

249 3471 410 3539 difficilius
431 3475 672 3557 investigentur,
704 3477 775 3542 dico
798 3476 870 3541 illas
892 3494 974 3558 quae
996 3476 1038 3539 ad
1060 3474 1300 3556 grammaticam

250 3576 419 3642 verborum
441 3585 474 3642 et
496 3580 748 3645 enuntiationum
772 3585 968 3645 structuram
989 3577 1161 3661 pertinent,
1182 3578 1302 3643 oratio-

249 3698 319 3744 nem
342 3679 380 3744 V.
402 3680 529 3762 egregie
551 3681 706 3747 imitando
728 3682 933 3764 expressisse,
961 3700 1000 3746 ea
1021 3686 1147 3759 autem,
1177 3680 1208 3745 in
1231 3679 1300 3762 q'ui·

249 3783 308 3848 bus
345 3782 443 3847 etiarn
474 3783 528 3864 qui
564 3783 669 3849 obiter
698 3784 808 3865 legant
843 3784 954 3851 statim
987 3782 1195 3864 Antiphontis
1226 3802 1300 3865 pro·

248 3885 418 3967 prietatem
450 3904 580 3951 cernere
611 3885 750 3967 soleant,
791 3886 840 3951 vel
876 3887 970 3967 plane
1003 3904 1063 3951 uon
1095 3886 1216 3953 vidisse
1249 3885 1299 3951 vel

249 3996 335 4055 certe
359 4007 418 4052 non
440 3994 657 4055 consectatum
680 4006 765 4069 esse,
798 4009 858 4055 non
888 3988 1016 4055 linxisse
1042 4007 1170 4054 causam
1192 3989 1299 4070 talem,

249 4111 330 4175 quae
353 4092 461 4157 multis
483 4091 579 4160 rebus
600 4099 684 4159 esset
706 4093 873 4177 instructa,
906 4111 1003 4177 quarn
1025 4094 1068 4158 od
1091 4091 1299 4176 multiplicem
