3100 4834
583 425 795 489 ..69-

165 613 254 668 τινος
275 582 360 656 εἶναι
382 612 442 658 uon
464 595 575 675 procul
597 596 709 662 abesse
731 597 858 663 videtur
880 617 899 663 a
923 593 1098 685 πρόθυμον
1120 590 1215 665 εἶναι.

164 695 201 774 V,
225 696 291 761 175
315 696 445 762 verbum
477 691 674 762 ἀπολείπειν
702 700 798 765 habet
818 696 864 788 μή
886 718 910 766 o.
933 701 988 768 inl.
1011 712 1047 767 ut
1068 702 1215 784 vulgaria

163 796 261 862 rerba
294 799 502 880 negationis.¹
531 801 646 865 Itidem
678 800 717 882 V,
739 803 810 868 323
843 804 974 869 uerbum
1004 797 1213 891 ἀποτρέπειν,

163 917 353 981 quamquam
385 903 565 982 genetivum
603 920 711 969 casum
747 923 854 971 secum
892 906 1009 972 habere
1045 908 1136 974 solet.
1173 946 1215 955 -
1299 902 1304 913 '

164 1003 254 1081 Quod
287 1004 404 1069 attinet
434 1005 475 1068 ad
509 1004 662 1070 orationis
691 1007 728 1072 V.
759 1005 933 1074 infinitivus
971 1026 1041 1074 cum
1079 1010 1215 1077 articulo

164 1108 354 1189 conjunctos,
373 1108 439 1189 jam
464 1107 705 1174 memoravimus
727 1108 766 1188 V,
781 1109 829 1173 33
853 1117 885 1174 et
909 1111 954 1184 71
979 1104 1138 1198 ἔμπειρος
1159 1115 1216 1178 τοῦ

164 1200 394 1293 ἀγωνίζεσθαι.
432 1208 470 1291 V,
485 1210 533 1274 32
557 1196 710 1276 articulus
726 1212 901 1278 desiderari
919 1233 978 1278 non
1000 1220 1117 1297 potest,
1139 1217 1216 1297 quia

163 1310 337 1377 infinitivus
352 1313 384 1377 in
404 1332 481 1380 casu
495 1315 603 1380 dativo
623 1314 750 1393 dicitur,
773 1315 849 1379 item
865 1315 903 1397 V,
925 1317 944 1381 8
967 1308 1004 1380 οὗ
1027 1319 1073 1402 τῷ
1088 1312 1216 1403 φεύγειν

163 1421 196 1480 et
224 1413 263 1490 V,
285 1416 354 1482 541
387 1418 434 1504 τῷ
461 1414 507 1503 μὴ
537 1412 818 1502 διαμνημονεύειν;
854 1416 890 1494 V,
922 1420 942 1485 8
973 1413 1067 1483 ἕνεκά
1095 1440 1130 1504 γε
1158 1422 1215 1484 τοῦ

166 1512 339 1598 πιστεύειν,
362 1518 433 1584 372
451 1517 527 1600 [διδ]
552 1517 591 1582 τὸ
614 1514 812 1604 ψεύδεσθαι,
835 1521 905 1586 734
928 1517 963 1584 ἐν
984 1523 1030 1606 τῷ
1052 1518 1213 1604 ἐπισχεῖν,

164 1622 232 1688 933
258 1618 315 1685 διδ
336 1619 375 1685 ιδ
395 1620 441 1709 μὴ
461 1617 638 1702 ξυνειδέναι
653 1625 904 1705 praepositiones
919 1624 1089 1690 articulum
1105 1634 1215 1706 postu-

163 1723 239 1787 lant.
284 1722 391 1788 Etiam
413 1723 452 1806 V,
476 1726 542 1789 101
574 1723 729 1790 articulus
757 1743 778 1789 a
807 1725 884 1791 viris
912 1726 1016 1792 doctis
1045 1729 1214 1794 restitutus

163 1833 220 1906 est,
243 1846 340 1909 quum
362 1833 494 1910 propter
516 1827 595 1892 illud
619 1819 699 1892 αὐτό
720 1828 896 1893 desiderari
913 1848 972 1893 uon
987 1830 1096 1911 possit.
1128 1830 1212 1894 Illud

165 1936 270 1995 autem
293 1924 333 1994 cd
354 1929 460 1995 forsan
484 1949 539 1996 eos
560 1948 685 2013 quoque
708 1929 860 1995 articulos
882 1930 1030 2011 effecerit,
1064 1933 1117 2013 qui
1141 1939 1215 1998 ante

163 2032 260 2098 rerba
283 2026 464 2119 ἱεροσυλεῖν
486 2042 519 2100 et
541 2028 735 2121 προδιδόναι
759 2033 925 2116 leguntur3
949 2053 1085 2116 namque
1107 2041 1216 2101 orator

162 2134 227 2202 fere
249 2135 386 2201 illudens
408 2145 627 2203 accusatomm
651 2136 749 2201 verba
771 2137 891 2201 imitari
913 2155 1013 2218 eaque
1033 2138 1216 2204 continuare

163 2239 299 2304 ridetur.
345 2240 387 2318 V,›
403 2240 484 2320 511,
515 2241 597 2321 911,
627 2239 743 2316 9413
777 2237 952 2305 infinitivus
980 2257 1051 2304 cum
1080 2240 1216 2307 articulo

166 2343 196 2408 iu
227 2341 397 2408 antithetis
427 2343 533 2408 dictus
561 2350 627 2425 est,
658 2360 739 2427 quae
770 2341 849 2406 mihi
878 2343 1004 2423 quidem
1036 2342 1089 2407 ille
1117 2342 1217 2409 multo

166 2445 366 2511 distinctiora
388 2453 421 2511 et
443 2447 587 2512 acutiora
608 2447 742 2511 reddere
772 2447 916 2521 videtur,
945 2445 1034 2511 velut
1055 2448 1093 2527 V,
1116 2447 1158 2511 94
1179 2443 1217 2511 ιδ

167 2545 203 2613 δὲ
232 2545 307 2625 τοὺς
338 2544 535 2635 κατηγόρους
562 2545 751 2630 διαβάλλειν
781 2541 875 2613 οὐδέν
905 2545 977 2613 ἐστι
1006 2544 1216 2633 θαυμαστόν·

166 2648 290 2716 τούτων
312 2649 373 2737 γὰρ
395 2647 488 2736 ἔργον
509 2652 622 2732 τοῦτο,
652 2646 742 2734 ὑμῶν
771 2649 809 2716 δὲ
837 2650 875 2716 τὸ
904 2649 949 2739 μὴ
970 2648 1154 2717 πείθεσθαι
1177 2650 1218 2717 τοὶ

165 2751 210 2843 μὴ
232 2750 358 2835 δίκαια,
389 2756 420 2819 in
443 2773 505 2837 quo
536 2756 667 2821 verbum
697 2750 884 2820 πείθεσθαι
913 2755 999 2821 haud
1021 2755 1118 2821 dubie
1139 2755 1219 2820 arti·

168 2856 237 2923 culo
260 2876 368 2925 carere
391 2864 528 2941 poterat.
572 2858 692 2924 Tamen
721 2858 852 2924 additus
883 2857 962 2923 mihi
988 2858 1115 2924 videtur
1137 2859 1219 2924 sicut

166 2959 204 3042 V,
235 2962 256 3027 8
288 2961 509 3027 concinnitatis
541 2980 638 3027 causa
669 2966 766 3042 atque
803 2964 840 3024 ut
877 2961 1069 3026 eontrarium
1107 2961 1218 3026 niteat.

164 3064 336 3130 Praeterea
357 3064 454 3130 habet
477 3063 651 3130 infinitivus
674 3063 843 3129 articulum
868 3063 905 3145 V,
927 3064 970 3128 43
980 3072 1009 3142 a,
1039 3063 1119 3142 916,
1146 3063 1218 3127 943

41 3162 44 3169 ’
165 3167 308 3250 (genet).
351 3167 467 3232 Omnia
489 3169 517 3233 si
540 3167 727 3248 respicimus
749 3166 845 3231 etiam
869 3165 901 3229 iu
924 3184 969 3230 or.
991 3164 1030 3230 V.
1053 3170 1163 3231 orator
1184 3167 1218 3231 in

66 3306 68 3311 ·
166 3270 384 3353 conjungendo
406 3270 541 3336 articulo
563 3290 635 3337 cum
658 3268 813 3335 infinitivo
835 3287 951 3350 parcus
972 3269 1137 3349 putandus
1159 3275 1219 3334 est.

165 3372 289 3438 Deinde
311 3392 408 3456 quum
430 3375 461 3438 in
485 3392 530 3438 or.
553 3374 606 3438 VI.
629 3373 682 3439 hic
704 3373 769 3438 illic
792 3391 829 3438 eo
851 3372 898 3436 uti
921 3375 1040 3453 posset,
1064 3389 1163 3463 neque
1187 3371 1218 3435 in

166 3496 211 3541 or.
236 3476 272 3542 V.
296 3476 453 3543 similibus
482 3476 561 3541 loeis
590 3495 626 3541 eo
654 3493 731 3541 usus
753 3482 811 3540 est.
857 3474 949 3553 Quod
972 3472 1124 3557 Dionysio
1148 3492 1222 3538 auc·

167 3587 237 3645 tore
267 3580 319 3662 (π.
344 3584 438 3644 cond.
460 3571 550 3663 ὄνομ.
573 3596 598 3643 c.
622 3579 677 3658 22)
708 3579 793 3660 apud
824 3577 997 3643 veteriores
1023 3577 1222 3658 potissimum

166 3684 338 3765 scriptores
359 3681 427 3749 fieri
452 3682 541 3749 solet.

230 3786 339 3851 Etiam
362 3787 401 3850 de
423 3784 501 3850 locis
522 3783 711 3867 quibusdam
735 3782 962 3865 Antiphonteis
984 3800 1095 3864 aspere
1118 3788 1151 3846 et
1172 3782 1223 3846 in-

168 3888 344 3970 composite
367 3888 463 3953 dictis
485 3887 617 3953 disserit
640 3886 823 3952 Goelkelius
845 3885 890 3970 (p.
914 3886 1059 3967 44sqq.),
1094 3903 1132 3950 ex
1153 3885 1223 3966 qui·

166 3991 226 4057 bus
249 3993 281 4056 in
305 3990 487 4056 uuiversum
510 3994 667 4072 appareat
682 3990 769 4070 apud
788 3989 1016 4069 Antiphontem
1030 3986 1223 4066 periodicam

169 4094 255 4160 illam
276 4094 403 4162 dicendi
419 4094 576 4163 rationem
592 4093 839 4179 haudquaquam
857 4109 925 4162 esse
939 4092 981 4155 ad
997 4086 1224 4176 perlectionem
