3100 4834
609 409 821 476 ...73-

193 581 397 663 componendi
426 580 534 645 studio
555 579 698 663 gignitur
720 580 898 646 antithesis
945 581 1033 658 Quae
1055 579 1171 662 figura,
1204 582 1241 645 ui

192 703 289 765 supra
311 684 456 761 diximus,
479 683 579 749 multo
601 684 699 749 latius
720 688 812 766 patet
833 685 864 749 in
887 704 932 749 or.
947 684 985 749 V.
1007 702 1101 765 quarn
1125 683 1156 747 in
1176 682 1240 762 VI,

192 785 311 850 scilicet
333 805 394 851 non
417 785 496 851 illud
518 782 717 866 antitheton,
746 788 831 868 quod
854 787 986 852 anobis
1009 787 1111 851 minus
1132 784 1241 868 appel·

190 888 299 967 latum,
322 889 353 953 in
377 895 512 970 utraque
535 890 678 954 oratione
700 887 766 953 iere
782 907 882 969 aeque
896 888 1045 972 frequens
1060 895 1119 969 est,
1142 888 1241 971 quod-

191 1010 250 1072 que
273 991 378 1056 verbis
401 991 476 1057 solis
498 991 683 1073 plerumque
705 989 742 1057 fit
764 1000 796 1056 et
819 997 931 1057 ornate
952 992 1085 1058 dicendo
1099 990 1242 1068 inservit,

190 1095 245 1158 sed
266 1093 346 1159 illud
369 1095 454 1175 quod
476 1112 666 1176 quamquam
690 1113 727 1159 ex
750 1095 828 1174 ipsis
850 1094 945 1160 rebus
968 1102 1128 1175 sumptum
1144 1098 1241 1175 atque

190 1195 220 1259 in
243 1197 409 1262 sententiis
431 1197 569 1279 positum
593 1199 712 1278 majore
735 1204 841 1262 tamen
858 1203 927 1262 arte
943 1216 1004 1261 non
1020 1200 1116 1261 caret.
1147 1196 1240 1279 Ejus-

189 1300 273 1363 modi
295 1306 402 1364 autem
425 1319 549 1382 rerum,
580 1300 665 1364 unde
695 1300 867 1365 antithesis
889 1298 963 1381 fiat,
994 1299 1165 1380 singularis
1186 1297 1242 1363 illa

191 1420 228 1468 ac
250 1401 445 1467 subobscura
467 1420 578 1481 eausa,
595 1402 637 1466 ad
659 1421 754 1484 quam
778 1402 880 1467 oratio
901 1402 939 1467 V.
962 1402 1110 1484 pertinet,
1132 1402 1241 1483 ingen·
1335 1462 1337 1465 .

190 1510 253 1569 tem
276 1523 440 1569 numerum
465 1505 605 1586 praebet.
650 1507 755 1586 Quare
787 1525 846 1570 non
876 1506 969 1571 modo
992 1504 1185 1586 prooemium
1208 1510 1241 1570 et

188 1607 341 1689 epilogus,
365 1626 445 1688 quae
468 1615 630 1691 tamquam
654 1608 749 1689 hujus
770 1605 892 1690 figurae
915 1614 989 1672 sunt
1005 1607 1153 1690 propriae
1167 1625 1241 1689 pro·
1347 1688 1349 1690 Ι

186 1710 319 1786 vinciae,
342 1712 399 1774 sod
422 1717 491 1776 tota
511 1710 577 1775 iere
600 1712 834 1792 argumentatio
857 1711 888 1774 in
907 1710 1076 1776 antithetis
1095 1715 1241 1775 versatur

187 1812 342 1895 plurimis.
372 1814 518 1895 Apparet
534 1820 641 1878 autem
658 1814 834 1879 orationem
856 1832 894 1878 ea
916 1812 1019 1894 figura
1043 1819 1119 1895 apte
1141 1831 1241 1893 usque

189 1917 237 1981 uti
260 1934 320 1980 non
342 1934 445 1997 posse,
468 1916 528 1980 nisi
550 1917 728 1982 sententiae
750 1924 783 1981 et
806 1915 948 1980 membra
970 1914 1078 1980 brevia
1101 1920 1185 1995 snut,
1208 1921 1242 1980 et

186 2018 218 2082 id
250 2023 325 2083 ante
355 2019 460 2084 omnia
490 2016 671 2099 proferunt,
703 2019 788 2099 quod
820 2035 944 2083 summa
973 2017 1150 2082 sententiae
1181 2023 1241 2083 est.

188 2121 360 2187 Sententiis
382 2121 466 2185 enim
488 2120 612 2202 longius
633 2122 816 2202 productis,
846 2121 1021 2186 enuntiatis
1052 2120 1161 2185 erebro
1192 2120 1240 2184 in-

189 2224 284 2289 sertis
307 2229 404 2306 atque
433 2223 609 2305 subjunctis
639 2223 826 2306 plerumque
856 2223 1052 2290 antitheseos
1080 2224 1130 2289 vis
1158 2228 1240 2288 tam·
1311 2211 1313 2215 ’

188 2345 281 2407 quam
306 2327 452 2392 obruitur
473 2332 570 2407 atque
592 2326 790 2392 obscuratur.
835 2326 942 2404 Quare
971 2326 1138 2392 enuntiata
1167 2344 1242 2391 can-

188 2430 284 2507 salio,
315 2428 513 2507 restrictiva,
542 2425 651 2493 finalia
680 2447 761 2509 quae
791 2432 960 2509 vocantur,
991 2428 1055 2494 alia
1083 2429 1117 2493 id
1144 2446 1244 2510 genus

186 2550 349 2614 persaepe,
378 2532 461 2597 sieut
484 2531 581 2596 etiarn
604 2532 794 2598 vetustioris
816 2531 969 2597 sermonis
992 2549 1061 2595 mos
1084 2536 1142 2610 est,
1156 2604 1159 2619 ,
1173 2530 1244 2613 pari

187 2635 253 2701 loco
284 2642 446 2716 ponuntur
475 2641 531 2698 aut
561 2634 688 2716 proprio
719 2634 788 2700 loco
824 2633 1011 2716 particulis,
1047 2635 1243 2716 maximeque

188 2756 262 2803 voce
284 2731 347 2821 γάρ
370 2737 598 2818 adJunguntur.
643 2737 733 2803 Unde
763 2744 886 2802 tantam
909 2738 1112 2819 periodorum
1135 2755 1243 2802 mono-

188 2840 326 2906 colarum
350 2839 562 2922 frequentiam
584 2839 653 2904 fieri
675 2847 762 2920 puto.
808 2840 998 2922 Saepissime
1022 2840 1158 2921 denique
1180 2858 1242 2903 non

187 2943 280 3007 modo
302 2942 499 3007 antitheseos
520 2960 632 3007 sensus
662 2944 746 3024 ipse,
779 2944 836 3008 sed
867 2944 963 3008 etiam
999 2942 1092 3022 huius
1121 2941 1243 3023 figurae

188 3044 354 3127 perspicue
377 3050 410 3109 et
432 3044 583 3110 distincte
609 3045 832 3126 exprimendae
855 3046 937 3110 ratio
959 3062 1088 3126 poscere
1106 3044 1243 3123 videtur,

189 3155 225 3212 ut
247 3146 420 3212 enuntiatis
442 3148 474 3211 in
498 3147 612 3229 quibus
635 3147 814 3213 antitheton
842 3154 1004 3226 versatur,
1036 3145 1127 3230 quasi
1156 3145 1241 3210 idem

186 3249 218 3314 in
249 3251 402 3314 struendo
432 3250 510 3315 ordo
541 3249 768 3330 grammaticus
798 3249 967 3315 tribuatur.
1011 3249 1061 3313 Ea
1083 3248 1123 3315 de
1146 3267 1243 3315 causa
1293 3232 1298 3244 ⁸

189 3358 300 3417 tantus
323 3369 392 3417 esse
415 3353 542 3417 videtur
565 3370 713 3417 uumerus
734 3351 963 3417 sententiarum
987 3352 1018 3417 iu
1037 3352 1180 3418 oratione
1196 3351 1243 3425 V,

156 3441 160 3448 ⁵
187 3473 321 3537 quarum
344 3453 486 3518 membra
508 3461 582 3519 sunt
603 3454 673 3536 pari
695 3454 763 3520 loco
787 3455 902 3537 posita.

250 3558 288 3622 In
312 3558 454 3621 oratione
472 3556 536 3637 VI,
559 3564 715 3638 utsupra
738 3558 912 3637 docuimus,
934 3558 1241 3638 argumentationem

187 3661 298 3725 multis
320 3667 352 3725 et
374 3658 554 3726 artificiosis
576 3660 701 3724 indiciis
724 3659 794 3726 fieri
822 3679 882 3725 non
906 3663 999 3727 modo
1021 3682 1082 3728 non
1105 3665 1242 3743 oportet,

185 3765 241 3828 sed
264 3781 303 3826 ne
326 3767 434 3844 potest
456 3763 584 3844 quidem
606 3761 684 3828 fieri.
718 3763 789 3843 (cir.
812 3763 914 3830 Blass.
936 3785 967 3847 p.
983 3765 1114 3844 noosq.)
1149 3763 1243 3828 Post·

188 3885 281 3949 quam
306 3866 463 3948 choragus
486 3865 621 3931 istarum
643 3884 765 3944 rerum,
799 3886 880 3950 quae
910 3871 978 3931 tum
1011 3867 1043 3930 iu
1073 3865 1168 3932 choro
1190 3885 1244 3932 ac-

186 3969 331 4048 ciderint,
354 3968 433 4032 nihil
456 3969 498 4033 od
521 3987 556 4033 se
575 3969 734 4051 pertinere
749 3970 941 4035 testimoniis
955 3968 1116 4051 probavit,
1137 3969 1242 4051 ipsum

185 4073 304 4143 crimen
323 4072 391 4157 jam
413 4069 588 4138 refutatum
611 4078 670 4138 est.
714 4070 837 4138 Deinde
870 4078 978 4137 autem
1009 4078 1139 4138 enarrat
1161 4091 1242 4156 quae
