3100 4834
761 400 976 468 ,44-

342 575 410 659 jam
441 594 521 659 opus
552 593 620 641 esse
651 568 801 662 θηρεύειν
830 571 887 641 καὶ
916 570 974 641 ἐπὶ
1008 567 1145 661 σμικρὸν
1175 566 1328 638 ὑπονοεῖν
1357 566 1396 636 τὰ

347 674 503 765 λεγόμενα
525 679 594 744 κτλ.

409 783 458 849 De
479 789 586 849 cetera
608 781 761 848 orationis
780 787 873 863 parte
888 781 1085 862 Wagenerus
1099 780 1160 846 hoc
1182 779 1398 862 reprehendit,

347 888 433 968 quod
455 884 522 950 lere
544 885 575 950 in
599 884 724 951 duabus
745 891 870 951 tantum
893 884 1061 950 sententiis
1083 887 1240 961 versetur,
1261 900 1396 964 quarum

345 988 449 1055 altera
471 989 523 1069 sit,
555 995 756 1055 accusatores
788 986 988 1067 testimonia,
1022 1005 1103 1070 quae
1133 1005 1206 1052 reus
1235 986 1275 1051 ab
1306 984 1398 1050 initio

346 1110 447 1176 usque
469 1091 648 1172 obtulisset,
671 1090 867 1174 repudiasse,
891 1089 1003 1169 altera,
1034 1089 1161 1156 eosdem
1183 1089 1224 1153 ad
1247 1106 1399 1154 accusan-

348 1195 423 1259 dum
453 1194 625 1276 choragum
653 1194 820 1277 pecuniam
852 1193 1020 1276 accepisse.
1064 1193 1147 1258 Sane
1169 1192 1297 1275 quidem
1319 1192 1400 1256 haec

345 1302 396 1362 est
416 1316 539 1364 summa
561 1303 685 1362 ceterae
707 1297 1003 1380 argumentationis.
1048 1294 1149 1362 Valde
1172 1302 1280 1361 autem
1303 1293 1398 1359 dubi·

345 1400 476 1464 tandum
500 1407 550 1467 est
572 1419 647 1465 num
670 1400 729 1466 hoc
747 1401 820 1483 jure
843 1400 1105 1482 reprehendatur.
1136 1398 1207 1464 Non
1230 1397 1313 1464 enirn
1336 1397 1400 1462 iste

346 1501 656 1584 causaeplurimum
679 1505 825 1586 prodest,
856 1502 911 1584 qui
939 1502 1090 1586 pleraque
1112 1505 1302 1584 argumenta
1323 1519 1400 1582 pro·

346 1604 420 1686 fert,
452 1605 507 1672 sed
539 1605 591 1688 qui
614 1604 813 1688 gravissima.
857 1607 962 1688 Atque
991 1605 1062 1670 istis
1092 1603 1289 1687 argumentis
1317 1602 1400 1669 nihil

345 1709 480 1774 inveniri
511 1708 654 1791 potuisse
692 1709 777 1790 qnod
808 1707 881 1791 plus
913 1708 1035 1774 valeret
1064 1709 1106 1775 ad
1134 1708 1401 1791 persuadendum,

344 1812 493 1880 facillime
515 1811 719 1893 intellegitur.
760 1811 898 1877 Tantum
918 1813 1002 1877 euim
1024 1810 1141 1891 ualent,
1165 1816 1199 1875 nt
1221 1810 1402 1892 quicunque

346 1916 458 1982 audiat
479 1917 716 1984 accusationem
740 1935 810 1983 esse
832 1916 986 1982 nefariam
1009 1916 1200 1981 calumniam
1222 1915 1402 1997 persuasis-

345 2019 459 2084 simum
482 2019 610 2086 babeat.
639 2021 676 2085 In
692 2020 743 2085 bis
765 2019 865 2102 igitur
887 2038 967 2104 opus
989 2024 1059 2087 erat
1081 2025 1240 2085 oratorem
1262 2035 1402 2083 commo·

344 2121 420 2203 rari,
435 2122 514 2188 haec
525 2123 661 2190 maxime
676 2124 856 2204 explanare,
872 2141 973 2205 neque
990 2123 1267 2205 praestantissima
1282 2139 1401 2187 causae

344 2224 545 2292 firmamenta
567 2227 758 2292 deteriorum
781 2226 1004 2309 probationum
1036 2224 1241 2291 multitudine
1262 2224 1401 2291 obruere

345 2327 559 2412 oblivionique
582 2331 721 2396 tradere.
764 2330 936 2395 Praeterea
963 2348 1061 2411 quum
1086 2329 1259 2408 Wagenero
1281 2326 1312 2392 in
1336 2327 1401 2393 hac

345 2431 504 2497 sententia
526 2437 591 2496 tam
615 2437 738 2515 aperta,
760 2432 845 2515 quod
861 2437 1063 2499 accusatores
1079 2437 1178 2497 testes
1194 2430 1234 2496 ab
1250 2437 1402 2497 accusato

345 2533 470 2601 oblatos
501 2535 634 2618 produci
664 2534 842 2614 noluerint,
883 2535 976 2601 nimis
1005 2533 1119 2618 longus
1151 2534 1298 2599 videatur
1327 2551 1402 2599 esse
1533 2568 1536 2581 =

345 2637 396 2719 (ἓξ
418 2637 570 2721 23-28),
603 2638 687 2704 idem
717 2644 827 2704 orator
853 2640 885 2704 in
908 2657 953 2704 or.
976 2638 1014 2704 V.
1038 2639 1172 2704 totidem
1202 2636 1270 2703 lere
1299 2637 1402 2703 verba

345 2740 397 2823 (ἐξ
414 2740 466 2821 34,
488 2741 540 2823 35,
562 2741 614 2823 46,
636 2742 689 2823 47,
711 2742 767 2821 48)
791 2741 947 2808 consumit
969 2741 1002 2807 in
1024 2759 1071 2821 eo,
1094 2740 1178 2823 quod
1196 2745 1402 2806 accusatores

345 2861 470 2909 servum
494 2849 620 2925 testem,
642 2863 705 2928 quo
728 2846 863 2911 maxime
885 2844 1048 2911 accusatio
1071 2844 1203 2923 nitatur,
1231 2838 1401 2910 interfece-

344 2946 426 3028 rint,
457 2967 539 3032 quae
569 2948 729 3015 sententia
761 2949 840 3015 mihi
872 2966 932 3013 non
963 2947 1126 3013 obscurior
1157 2964 1227 3012 esse
1261 2945 1401 3012 videtur.

273 3038 276 3043 ¹
345 3048 493 3117 Ceterum
528 3061 750 3135 argumentum
780 3054 798 3136 ξ
828 3053 870 3117 27
900 3057 934 3117 et
962 3070 1109 3134 magnam
1148 3055 1272 3132 partem
1300 3049 1402 3114 verba

345 3171 470 3236 qnoque
492 3155 603 3222 eadem
625 3155 776 3238 leguntur
798 3155 830 3220 in
852 3173 898 3220 or.
920 3154 959 3219 V.
981 3155 999 3237 ξ
1021 3155 1073 3220 38.
1202 3193 1204 3196 <

410 3257 448 3340 ἐξ
470 3258 598 3325 28-32
622 3259 817 3342 Wagenerus
845 3259 937 3323 docet
965 3275 1026 3323 non
1056 3257 1109 3324 hic
1139 3259 1195 3322 sed
1217 3255 1331 3339 poste
1358 3255 1400 3320 19

344 3357 448 3426 locum
473 3361 599 3427 habere.
643 3361 766 3427 Deinde
796 3379 899 3444 neque
921 3361 1093 3443 quidquam
1119 3360 1194 3425 novi
1215 3358 1401 3439 argumenti

344 3481 399 3529 eas
420 3463 539 3530 habere
561 3473 594 3530 et
616 3464 768 3531 insulsam
791 3464 1016 3547 loquacitatem
1039 3462 1287 3546 praeseferre.
1331 3459 1400 3526 Sed

344 3566 420 3648 quid
452 3566 513 3632 sibi
547 3567 624 3633 velit
656 3567 708 3634 hic
742 3567 830 3635 locus
858 3569 926 3648 jam
956 3567 1101 3632 Blassius
1130 3565 1248 3632 docuit.
1297 3564 1400 3630 Recte

344 3670 428 3735 enim
451 3669 547 3735 talem
570 3687 639 3735 esse
661 3670 709 3737 ait
729 3687 792 3753 quo
814 3675 921 3735 orator
943 3687 1024 3752 qnae
1046 3674 1141 3735 antea
1162 3668 1288 3749 singula
1307 3667 1399 3732 dicta

240 3829 246 3837 .
345 3774 411 3838 sint
432 3772 580 3855 colligat,
611 3772 762 3838 universa
783 3777 972 3856 exaggeret,
1003 3778 1149 3842 exornet.
1180 3789 1281 3854 neque
1302 3769 1401 3836 aliter

344 3894 414 3941 esse
440 3876 649 3959 judicandum
680 3877 720 3941 de
752 3896 797 3940 or.
820 3877 857 3943 V.
887 3878 925 3960 ἐξ
947 3875 1084 3942 49-52.
1132 3876 1239 3956 Atque
1269 3872 1397 3939 laudern

344 3980 710 4061 commendationemque
732 3978 1000 4060 testimoniorum,
1031 3997 1113 4061 qnae
1134 3977 1204 4059 ipse
1226 3994 1299 4042 reus
1320 3994 1398 4057 pro·

343 4079 423 4166 fert,
455 4084 551 4149 etiam
582 4083 655 4166 plus
676 4081 784 4150 ualere
812 4087 965 4170 apparet,
995 4086 1164 4168 postquam
1196 4083 1399 4146 accusatores
