3100 4834
711 381 926 446 „23-

295 551 529 621 demonstrasse
559 550 720 618 sufficeret
754 554 796 617 ad
831 550 1034 617 refutandum
1067 550 1203 630 crimeu;
1240 553 1347 615 tammo

293 674 353 721 nou
377 656 471 739 plane
494 655 726 721 demonstrabo.
768 646 879 737 Neque
901 655 995 735 enim,
1017 673 1114 736 quum
1137 655 1155 736 ξ
1177 652 1220 718 48
1242 652 1346 716 dicat:

294 754 323 824 εἰ
344 753 422 842 ὑμῖν
445 750 615 838 ἀπέδειξα,
644 757 703 824 hoc
725 760 809 841 quod
832 760 870 841 ἓξ
891 757 935 824 49
957 763 990 822 et
1011 758 1055 825 50
1075 755 1236 840 profertur
1258 747 1347 821 ἄπο-

299 857 505 946 ὁεόειγμένον
533 861 689 944 appellari
718 867 834 943 potest.
878 862 966 941 Quae
994 860 1190 944 paragraphi
1218 859 1369 941 insuperv

292 967 340 1031 ita
363 971 438 1031 sunt
460 963 654 1041 enuntiatae,
676 971 713 1030 ot
734 983 793 1030 non
810 972 875 1031 tarn
892 965 983 1047 ipsae
998 966 1030 1031 in
1045 964 1152 1030 media
1167 962 1347 1028 narratione

293 1068 415 1134 versari
433 1068 614 1148 rideantur,
636 1086 732 1150 quam
754 1067 929 1134 orationem
953 1069 995 1133 ad
1018 1086 1087 1132 eam
1111 1066 1277 1144 deducere,
1298 1064 1347 1130 ita

294 1171 420 1253 quidem
443 1175 480 1237 ut
502 1189 584 1253 quae
605 1170 748 1253 prothesi
770 1172 859 1236 dicta
881 1177 973 1250 sunt,
1008 1170 1206 1252 maximeque
1228 1168 1345 1234 rerba:

295 1268 428 1350 τούτους
451 1270 595 1357 νομίζειν
617 1268 873 1360 ἐπιορκοτάτους
894 1280 954 1340 etc.
984 1279 1144 1356 exponant
1174 1278 1271 1356 atque
1293 1289 1347 1335 ex-

293 1376 433 1459 planent
477 1376 589 1460 Neque
619 1383 769 1459 poterant
795 1376 920 1460 judices
949 1376 1008 1442 hoc
1037 1375 1105 1441 loco
1135 1394 1197 1441 non
1232 1391 1348 1453 magna

293 1480 529 1562 exspectatione
551 1477 645 1560 affici,
667 1497 802 1564 quonam
827 1480 920 1545 modo
938 1480 1042 1546 altera
1058 1480 1137 1546 haec
1153 1477 1347 1544 machinatio

294 1581 381 1647 iacta
402 1588 488 1666 esset
511 1588 544 1647 et
570 1582 727 1665 quomodo
757 1583 956 1665 probaretur.
1000 1584 1098 1649 Recte
1127 1600 1221 1660 saue,
1248 1597 1346 1661 quum

295 1685 374 1751 haec
396 1685 469 1768 plus
491 1686 530 1751 ad
553 1705 619 1750 rem
642 1685 746 1754 iacere
770 1686 942 1766 videretur,
965 1704 1059 1769 qoam
1078 1685 1166 1767 prior
1180 1684 1235 1749 illa
1250 1701 1345 1764 quam

294 1787 492 1855 Philocrates
518 1790 709 1873 nequiquam
740 1790 870 1856 molitus
899 1794 991 1856 esset.
1035 1788 1104 1854 Non
1138 1788 1238 1869 igitur
1268 1786 1347 1850 milri

282 1890 420 1974 quidem
444 1892 572 1958 videtur
586 1899 695 1958 orator
712 1893 837 1974 judices
852 1895 893 1959 de
908 1893 968 1958 hac
984 1911 1018 1957 re
1033 1891 1221 1973 gravissima
1236 1886 1348 1972 paucis

293 1993 358 2059 illis
373 1995 478 2059 verbis
493 1997 657 2061 edocuisse
672 2013 755 2077 quae
770 1997 788 2079 ξ
803 1997 845 2062 49
861 1996 1018 2078 leguntur.
1056 1994 1165 2077 Neque
1180 1992 1347 2072 choragos,

292 2115 388 2179 quum
413 2098 510 2164 etiam
534 2104 735 2164 accusatores
756 2100 892 2180 triginta
914 2099 1016 2164 minas
1039 2097 1199 2179 accepisse
1221 2093 1347 2173 resciat,

294 2206 327 2263 et
349 2202 367 2282 ξ
390 2201 433 2267 50
455 2219 521 2267 rem
545 2202 625 2267 satis
646 2208 792 2284 apertam
816 2220 887 2268 esse
910 2203 1014 2283 dicat,
1044 2201 1084 2266 de
1114 2200 1199 2265 hisce
1220 2196 1346 2264 insidiis

291 2302 370 2367 adeo
394 2320 453 2367 non
478 2305 609 2370 edoctos
631 2323 701 2370 esse
724 2305 860 2386 videtur,
882 2313 919 2371 ut
942 2324 996 2370 eas
1017 2304 1154 2386 probare
1176 2300 1226 2368 vel
1249 2299 1343 2383 plora

292 2406 331 2470 de
354 2406 394 2471 iis
417 2407 514 2471 rerba
535 2406 639 2475 iacere
663 2425 723 2473 non
746 2409 846 2489 possit
870 2426 970 2491 neque
991 2409 1118 2473 audeat.

355 2508 469 2590 Itaque
491 2513 524 2573 et
538 2511 563 2592 ’ξ
585 2511 625 2574 51
650 2509 853 2576 subditiciam
876 2529 955 2589 esse,
977 2514 1104 2592 etpost
1128 2511 1146 2593 ξ
1167 2509 1211 2576 50
1233 2527 1343 2573 narra-

291 2611 408 2676 tionem
431 2613 576 2693 quamvis
599 2611 734 2678 fortasse
757 2614 884 2679 brevem
908 2614 949 2678 de
968 2611 1149 2679 Philocrate
1171 2631 1190 2677 a
1212 2611 1343 2694 pariatis

288 2720 323 2777 et
345 2713 460 2796 poletis
482 2714 617 2795 pecunia
639 2722 788 2798 corrupto
811 2717 940 2799 ejusque
963 2717 1009 2781 rei
1031 2714 1171 2798 aliquam
1201 2713 1342 2798 probati-

290 2835 392 2896 onem,
416 2817 531 2883 deindc
554 2818 594 2884 de
609 2818 705 2885 rebus
720 2838 740 2883 a
755 2837 852 2886 eausa
866 2819 977 2886 alienis
992 2820 1219 2902 expositionem
1234 2817 1343 2896 hrisse,

292 2920 429 3004 denique
451 2920 611 3006 epilogum
634 2927 777 2988 secutum
801 2940 870 2989 esse
891 2922 1148 2988 existimaverim.

713 3167 917 3174 ffl—

392 3371 467 3442 na
506 3373 562 3443 Ile
588 3373 704 3446 rebus
731 3373 962 3466 quibusdam
988 3374 1237 3447 addubitatis.

354 3539 550 3618 Wagenerus
588 3541 761 3606 oraticnem
801 3543 841 3607 de
878 3541 963 3608 chor.
990 3541 1193 3608 subditiciam
1229 3546 1261 3606 et
1298 3541 1338 3606 ab

289 3640 448 3705 inerudito
481 3640 611 3709 falsario
649 3645 833 3710 recentioris
870 3644 985 3710 aetatis
1023 3646 1233 3726 conscriptam
1271 3662 1340 3710 esse

289 3749 397 3823 ratus,
430 3744 586 3825 imprimis
609 3751 710 3811 totam
733 3765 879 3828 causam,
908 3748 939 3811 in
967 3767 1030 3830 qua
1059 3748 1161 3812 oratio
1182 3754 1340 3824 versatur,

289 3864 401 3928 parum
425 3847 608 3939 credibilem
632 3866 702 3914 esse
723 3850 859 3930 probare
880 3851 998 3916 studet.
1041 3851 1088 3915 Ac
1109 3851 1246 3933 primum
1270 3850 1339 3931 qui·

289 3951 361 4013 dem
392 3950 476 4031 quod
512 3956 624 4015 auctor
652 3953 830 4032 argumenti
867 3954 1018 4036 conjecit:
1056 3945 1217 4039 εὐφωνίας
1243 3947 1339 4036 χάριν

289 4047 364 4118 ἔπιε
386 4050 424 4118 τὸ
446 4048 636 4139 φάρμακον,
667 4071 739 4121 cum
760 4054 885 4122 Blassio
914 4055 973 4122 hoc
995 4056 1107 4123 laudat
1129 4055 1174 4141 (p.
1197 4055 1253 4139 93)
1276 4055 1338 4123 sic:
