3100 4834
602 375 814 442 -35-

190 543 296 610 libello
327 544 383 626 qui
405 549 455 610 est
485 546 525 610 de
555 546 751 628 temporibus
777 552 871 614 oratt.
894 548 969 613 Ant.
991 547 1135 631 (Franks.
1159 549 1237 629 alO.

191 648 287 729 1864)
310 647 357 711 ita
372 646 559 728 disputavit,
582 656 619 713 ut
633 666 825 731 quamquam
848 651 937 732 apud
956 656 1098 716 oratores
1113 651 1238 717 Atticos

189 749 343 834 ejusmodi
366 749 451 816 locos
473 751 606 817 iteratos
628 752 828 818 offensionem
852 771 911 818 non
935 752 1052 818 hahere
1073 756 1237 832 concedat,

188 856 245 919 sed
268 871 421 936 persaepe
443 871 495 918 eos
514 855 605 935 quasi
622 855 807 920 thesaurum
822 857 981 937 quendam
997 856 1135 923 locorum
1152 875 1237 921 oom-

187 957 330 1023 munium
352 955 511 1039 habuisse,
524 959 618 1022 unde
639 957 790 1040 singulos
819 959 942 1040 quoties
965 958 996 1023 in
1020 977 1146 1041 quaque
1167 978 1237 1024 ora·

187 1062 272 1126 tione
294 1060 363 1141 apti
385 1066 418 1125 et
441 1044 523 1124 usui‘
537 1066 660 1140 essent,
690 1069 888 1142 promerent,
919 1060 1014 1143 hujus
1037 1068 1143 1127 mmen
1166 1080 1237 1127 ora·

186 1164 282 1230 tionis
314 1163 399 1228 locos
431 1180 500 1227 esse
534 1162 616 1228 tales
649 1163 751 1243 dicat,
792 1165 846 1248 qui
877 1165 909 1229 in
945 1165 1086 1230 oratione
1117 1164 1154 1230 V.
1188 1163 1238 1229 uel

186 1269 339 1346 maxime,
372 1266 404 1330 in
426 1265 480 1330 VI.
510 1285 584 1331 vero
613 1267 664 1332 vel
696 1267 821 1333 omnino
851 1286 913 1332 nou
943 1266 994 1334 vel
1022 1286 1135 1348 parum
1167 1284 1238 1332 oum

186 1371 303 1437 ceteris
335 1369 533 1434 conveniant.
585 1368 629 1434 Et
660 1370 856 1436 Kirchnerus
893 1372 1021 1453 quidem
1054 1370 1114 1436 hoo
1144 1371 1238 1436 modo

186 1472 311 1540 efficere
334 1478 465 1537 conatur
488 1491 526 1536 ex
547 1473 690 1538 oratione
713 1473 750 1536 V.
773 1474 805 1538 in
828 1474 883 1539 VI.
906 1493 960 1540 eos
991 1474 1176 1553 translatos,
1205 1478 1239 1537 et

185 1582 357 1659 propterea
398 1575 479 1639 hano
517 1576 702 1641 recentioris
733 1577 851 1642 aetatis
887 1596 965 1642 esse.
1020 1575 1123 1654 Quum
1155 1576 1238 1643 enim

186 1678 376 1761 Spengelius
390 1677 449 1742 hos
463 1677 548 1742 locos
562 1679 602 1742 ad
620 1678 739 1744 nnllam
751 1684 872 1744 tertam
885 1679 1061 1744 orationem
1073 1679 1239 1759 confectos,

185 1784 241 1847 sed
266 1801 304 1846 ex
326 1799 457 1845 numero
479 1781 604 1845 illorum
621 1781 832 1846 communium
846 1782 986 1847 locorum
1004 1781 1102 1847 fuisse
1117 1783 1239 1862 doceat,

186 1903 266 1966 quos
289 1883 480 1949 Aristoteles
509 1884 596 1964 apud
620 1883 682 1949 Cic.
705 1884 796 1949 Brut.
819 1884 861 1948 47
885 1883 1075 1966 Antiphonti
1107 1884 1240 1965 tribuat,

185 1994 285 2068 atque
314 1987 373 2052 hos
402 1986 488 2068 ipsos
517 1986 602 2051 idem
634 2004 703 2052 esse
725 1988 809 2068 quod
832 1981 1022 2072 „Hpooo'pnu
1044 1983 1100 2050 uui
1122 1983 1240 2051 ἐπιλό-

184 2092 280 2173 γους“
295 2107 377 2170 qnae
393 2087 602 2170 Antiphontis
617 2087 770 2170 ferantur,
785 2088 981 2154 Kirchnerus
995 2093 1106 2155 contra
1118 2088 1240 2155 obtinet

186 2193 322 2275 Sanppii
353 2192 561 2270 sententiam,
592 2191 647 2273 qui
669 2191 753 2256 locos
782 2190 855 2256 iilos
878 2209 1058 2256 communes
1080 2190 1240 2274 perfectas

186 2296 347 2361 orationes
377 2294 462 2360 sicut
500 2292 686 2376 tetralogias
715 2293 815 2359 fuisse
847 2296 949 2359 docet.
998 2292 1109 2376 Neque
1142 2294 1241 2375 igitur

185 2418 224 2463 ex
246 2397 402 2481 ejusmodi
417 2395 613 2461 orationibus
627 2397 718 2477 quasi
740 2397 919 2478 inmagines
941 2400 1107 2479 quasdam,
1130 2397 1240 2478 quales

186 2501 219 2565 in
247 2502 391 2566 oratione
413 2500 468 2564 VI.
498 2498 691 2581 habeamus,
719 2502 925 2581 depromptas
956 2518 1026 2564 esse
1057 2501 1177 2580 videri,
1206 2507 1239 2565 et

186 2604 324 2670 orationi
338 2605 376 2669 V.
392 2608 458 2667 tam
474 2601 602 2683 proprie
617 2603 793 2681 convenire,
816 2609 852 2666 ut
870 2621 1020 2668 unacum
1037 2603 1096 2668 hae
1111 2609 1239 2668 exortas

187 2725 257 2773 esse
280 2706 497 2772 existimemus
520 2723 648 2772 necesse
671 2706 722 2771 sit
767 2708 873 2787 Atque
895 2712 1026 2787 propter
1054 2705 1113 2769 hoo
1135 2706 1238 2788 ipsum

126 2888 130 2897 ,
186 2812 250 2876 sihi
279 2810 365 2874 locos
393 2808 490 2874 etiam
522 2826 560 2872 ex
582 2803 782 2892 Προοιμίοις
810 2806 866 2873 καὶ
896 2803 1066 2891 ἐπιλόγοις
1087 2827 1147 2873 non
1170 2827 1239 2874 esse

186 2912 320 2979 haustos
350 2911 471 2992 videri,
504 2929 601 2999 quum
633 2912 820 2992 praesertim
852 2911 1090 2993 §Vorationis
1122 2910 1176 2976 VI.
1207 2912 1238 2975 in

187 3016 317 3082 exordio
345 3013 498 3079 orationis
519 3012 557 3077 V.
581 3032 642 3078 non
664 3013 798 3096 legatur.
842 3015 994 3078 Attamen
1025 3031 1082 3078 aur
1111 3012 1172 3080 loci
1202 3032 1240 3078 ex

187 3117 388 3185 orationibus
409 3134 491 3197 qnae
520 3116 551 3180 in
585 3116 689 3182 nausis
720 3115 804 3180 fictis
834 3122 1002 3180 versentur
1032 3115 1140 3180 hausti
1170 3134 1239 3180 esse

186 3228 357 3303 nequeant,
379 3238 492 3303 parum
515 3219 628 3298 elucet,
658 3235 755 3298 quum
785 3224 818 3282 et
841 3217 1029 3299 tetralogiae
1050 3217 1239 3300 ferrugines,

189 3325 299 3406 quales
321 3323 516 3389 Kirohnerus
539 3320 690 3403 appellat,
719 3319 862 3386 habeant
884 3319 986 3400 (velut
1007 3319 1080 3384 Ao
1103 3324 1238 3398 11-12,

188 3433 219 3492 Γ
226 3451 247 3491 u
270 3427 364 3507 1-6,
396 3424 437 3490 ib.
460 3426 552 3506 β8-
562 3424 592 3505 9,
624 3422 665 3489 ib.
681 3421 701 3486 ὁ
718 3422 867 3505 10-11).
912 3422 1034 3491 Deinde
1065 3443 1123 3489 non
1147 3430 1238 3490 tanto

188 3529 414 3612 impedimento
445 3545 513 3592 esse
543 3527 688 3608 videtur,
726 3528 812 3607 quod
843 3524 996 3592 orationis
1026 3527 1080 3593 Vl.
1112 3528 1174 3610 §2
1204 3527 1237 3593 in

189 3632 318 3699 exordio
347 3629 498 3696 orationis
526 3629 564 3694 V.
593 3649 654 3694 non
685 3633 743 3694 est.
796 3627 878 3694 Nam
908 3646 970 3709 quo
1000 3629 1140 3712 quidque
1169 3629 1238 3694 loeo

189 3743 300 3817 aptum
323 3741 418 3816 esset,
450 3732 495 3798 ibi
518 3751 556 3796 ue
578 3732 748 3813 insereret,
779 3739 938 3797 oratorem
965 3733 1143 3798 nominibus
1164 3752 1238 3816 pro-

188 3839 326 3905 hibitum
356 3856 426 3903 esse
456 3855 516 3901 non
546 3840 632 3917 puto.
676 3835 810 3916 Insuper
838 3854 914 3916 pars
937 3834 993 3900 illa
1015 3834 1167 3901 orationis
1188 3834 1238 3915 V,

190 3961 271 4024 quae
292 3942 397 4008 locum
420 3940 570 4017 eontinet,
592 3944 625 4003 et
648 3937 773 4018 qualem
796 3937 941 4003 rhetores
954 3932 1156 4002 κατάστασιν
1170 3938 1237 4003 sive

190 4038 457 4135 προκατασκευήν
478 4041 652 4125 appellant,
681 4059 741 4106 non
765 4047 832 4106 tam
854 4041 959 4106 aliena
981 4047 1031 4106 est
1053 4041 1093 4107 ab
1116 4040 1238 4107 exordii

990 4159 1032 4229 a*
