3100 4834
748 409 962 476 -.42-

331 576 363 646 in
385 599 421 646 re
444 586 592 649 versetur
614 582 754 648 conlusio
776 601 878 666 neque
907 583 976 666 ipse
1007 582 1148 649 ostendit
1176 600 1279 663 neque
1303 578 1382 646 mihi

330 684 442 749 elucet.
496 686 598 751 Immo
630 705 805 770 permagna
841 685 937 768 hujus
973 685 1033 752 loci
1070 692 1120 752 est
1157 684 1381 768 perspicuitas,

330 804 427 868 quum
461 788 603 871 singulas
636 789 785 871 deinceps
818 790 1054 856 criminationes
1091 787 1280 854 testimoniis
1317 786 1381 853 illis

330 888 432 956 refelli
466 891 717 970 demonstretur,
752 893 801 957 ita
832 892 978 974 quidem,
1010 902 1048 956 ut
1078 897 1187 957 orator
1213 890 1382 973 perspicue

330 992 525 1074 disputando
570 1012 685 1060 causae
720 994 983 1077 perspicuitatem
1028 993 1182 1059 aemulari
1223 994 1382 1060 videatur.

331 1097 439 1178 Atque
471 1096 572 1163 multa
608 1105 641 1163 et
676 1097 850 1164 artificiosa
882 1104 1070 1179 argumenta
1106 1098 1203 1164 etiam
1238 1096 1383 1163 Blassius

331 1199 440 1263 docuit
460 1199 492 1264 in
515 1199 576 1265 hac
597 1201 740 1266 oratione
767 1200 870 1267 locum
901 1219 962 1266 non
993 1201 1121 1266 babere.
1165 1200 1274 1282 Neque
1296 1201 1381 1266 enirn

331 1319 412 1383 opus
433 1308 484 1368 est
505 1301 578 1385 illis,
601 1322 703 1386 neque
725 1307 777 1369 est
797 1304 881 1369 unde
903 1309 1078 1369 sumantur.
1112 1303 1275 1380 Quomodo
1296 1304 1381 1369 enim

331 1405 465 1485 pugnari
488 1410 596 1488 potest
617 1406 672 1472 ubi
695 1407 797 1472 bostis
824 1426 884 1473 non
908 1408 983 1475 est?
1025 1407 1133 1489 Atque
1153 1408 1200 1472 ita
1222 1413 1381 1473 oratorem

330 1505 434 1589 ipsum
459 1513 560 1574 totum
582 1509 667 1573 hunc
688 1510 792 1575 locum
814 1509 956 1592 intellegi
979 1509 1116 1575 voluisse
1145 1509 1225 1575 satis
1246 1515 1384 1592 apparet

198 1647 201 1653 ·
331 1626 370 1673 cx
392 1610 497 1677 verbis
527 1613 545 1695 ξ
570 1613 626 1680 18:
657 1605 768 1677 ὁπόσα
797 1610 858 1697 μὲν
886 1610 947 1699 γὰρ
974 1607 1087 1700 λάθρᾳ
1109 1606 1290 1699 πράττεται
1311 1612 1382 1678 κτλ.

330 1710 408 1777 June
420 1719 525 1778 tamen
536 1715 745 1798 Wagenerum
759 1717 904 1781 existimo
918 1715 1101 1798 vituperare
1116 1716 1212 1782 haec:
1227 1711 1384 1798 γενέσθαι

331 1811 444 1899 μέντοι
464 1814 506 1881 τὰ
527 1814 576 1907 μὴ
597 1812 752 1903 γενόμενα
773 1815 830 1883 καὶ
852 1810 978 1883 ἀδικεῖν
997 1816 1055 1882 τὸν
1075 1814 1121 1903 μὴ
1136 1810 1309 1883 ἀδικοῦντα
1324 1811 1384 1885 odo

331 1915 365 1982 ἐν
386 1921 459 1996 τοῖς
480 1915 603 1984 τούτων
626 1916 735 2005 λόγοις
756 1915 895 2006 ἡγοῦμαι
922 1912 1016 2000 εἶναι,
1045 1914 1115 1986 ἀλλ’
1140 1918 1173 1985 ἐν
1194 1924 1241 2009 τῷ
1264 1916 1382 2006 δικαίῳ

330 2020 388 2087 καὶ
409 2026 457 2110 aqi
478 2015 607 2110 ἀληθεῖ.
640 2023 791 2092 Sufficere
814 2026 897 2092 enim
920 2044 979 2090 non
1004 2024 1131 2090 videtur
1152 2026 1237 2108 quod
1260 2024 1383 2090 Maetz·

334 2143 428 2190 nerus
451 2127 588 2193 oratoris
603 2129 793 2195 sententiam
809 2135 920 2211 patere
935 2127 1023 2195 dicit.
1056 2129 1152 2193 Patet
1166 2146 1242 2194 sane
1257 2127 1384 2193 omissis

330 2228 455 2294 verbis:
479 2221 547 2295 ἀλλ’
573 2228 607 2296 ἐν
630 2234 677 2318 τῷ
698 2226 816 2317 δικαίῳ
838 2230 908 2295 κτλ.
940 2230 1029 2296 Haeo
1050 2235 1157 2296 autem
1173 2229 1244 2311 ipsa
1258 2230 1384 2311 addita,

330 2338 367 2395 ut
389 2333 516 2414 quidem
539 2353 622 2401 nunc
644 2353 679 2400 se
701 2335 829 2413 habent,
861 2351 953 2398 nemo
982 2332 1049 2398 fere
1071 2339 1122 2399 est
1143 2333 1218 2415 quin
1241 2332 1384 2398 absurda

332 2451 403 2499 esse
426 2436 544 2502 videat.
588 2437 710 2519 Quare,
739 2438 888 2520 quoniam
911 2437 1086 2518 Wagenero
1108 2453 1168 2499 non
1190 2436 1385 2501 assentimur

332 2535 528 2615 ineruditum
551 2540 651 2607 fuisse
672 2541 826 2606 orationis
849 2545 1010 2606 auctorem
1037 2542 1070 2603 et
1097 2537 1272 2617 falsarium,
1303 2537 1384 2603 nibil

332 2639 421 2705 alind
442 2642 583 2725 cogitare
604 2643 701 2726 licet,
732 2661 828 2725 quam
860 2642 945 2708 hunc
973 2641 1076 2707 locum
1104 2659 1175 2706 esse
1197 2648 1384 2723 corruptum

332 2746 366 2806 et
381 2743 602 2813 deformatum.
637 2747 714 2813 Cum
731 2747 909 2813 Hartmano
930 2745 1030 2828 igitur
1046 2744 1263 2827 judicabimus
1284 2745 1384 2811 verba

332 2836 400 2909 ἀλλ’
425 2844 459 2911 ἐν
480 2846 528 2935 τῷ
548 2849 616 2915 κτλ.
641 2848 835 2932 interpolata
856 2868 942 2930 esse,
974 2847 1033 2914 nisi
1059 2854 1134 2930 post
1163 2865 1203 2912 ea
1224 2847 1383 2930 quaedam

331 2946 531 3017 intercidisse
552 2954 719 3018 malumus.
757 2952 850 3030 Quod
873 2970 910 3017 eo
931 2951 1034 3033 magis
1055 2948 1223 3034 probabile
1244 2951 1383 3032 videtur,

332 3053 416 3132 quod
439 3053 533 3121 facile
560 3055 717 3138 quispiam
749 3055 906 3139 suspicari
935 3060 1041 3136 potest
1072 3058 1174 3119 toturn
1203 3053 1306 3118 locum
1336 3054 1384 3119 ita

331 3156 480 3224 concinne
502 3158 599 3224 tuisse
622 3160 826 3242 dispositum,
855 3167 892 3224 ut
913 3158 1018 3222 verbis
1040 3149 1138 3234 αὐτὸς
1159 3153 1220 3243 γὰρ
1243 3152 1384 3234 ἕκαστος

331 3253 446 3323 τούτου
467 3263 582 3347 κρατεῖ
604 3264 812 3343 responderet
841 3262 974 3327 alterius
1003 3260 1180 3326 sententiae
1205 3259 1383 3325 membrum

333 3359 474 3441 tertium,
496 3364 580 3443 quod
604 3382 687 3429 nunc
708 3364 764 3429 illa
787 3366 884 3430 verba
905 3363 1019 3430 mutila
1041 3363 1191 3428 continet.
1224 3362 1277 3428 Sic
1299 3363 1383 3428 enim

332 3461 364 3526 in
387 3462 447 3527 hac
469 3465 669 3546 potissimum
686 3467 841 3533 orationis
854 3473 948 3549 parte
963 3465 1120 3550 (16-20)
1135 3462 1181 3529 fit.
1211 3465 1383 3531 Praeterea

332 3568 419 3646 apud
442 3566 669 3648 Antiphontem
693 3571 796 3636 omnis
824 3569 891 3637 tera
920 3568 1048 3651 negatio
1073 3567 1268 3633 contrarium
1290 3586 1381 3634 snum

332 3669 492 3750 postulat,
516 3690 615 3752 qnare
638 3671 760 3737 verbis:
790 3664 848 3737 οὐκ
870 3668 904 3736 ἐν
925 3674 1059 3749 τοῖς-
1083 3661 1168 3734 εἶναι
1190 3671 1381 3737 sententiam

334 3789 394 3835 non
417 3771 540 3838 finitam
563 3772 660 3839 luisse
682 3774 938 3840 existimaverim.
982 3778 1088 3858 Atque
1110 3791 1207 3855 quum
1230 3773 1382 3839 orationis

334 3875 530 3956 corruptelas
560 3883 593 3940 et
624 3877 743 3942 multas
774 3882 808 3942 et
837 3896 1026 3959 permagnos
1056 3895 1125 3941 esse
1156 3877 1242 3959 apud
1275 3896 1382 3942 omnes

334 3983 467 4059 constet,
498 3980 646 4062 equidem
668 3997 729 4058 non
752 3980 865 4046 dubito
894 3981 1026 4062 perinde
1052 3979 1198 4062 judicare
1228 3979 1267 4045 de
1290 3981 1309 4062 ὅ
1333 3981 1382 4059 19,

333 4082 543 4165 aWaganero
558 4099 619 4149 non
635 4082 739 4149 minus
757 4084 951 4169 vituperata
989 4083 1039 4147 Ad
1060 4100 1156 4169 quam
1180 4081 1382 4151 Maeandrus
