3100 4834
717 397 929 465 ,74-

299 573 394 636 antea
414 569 499 637 inter
522 588 557 635 se
578 569 682 652 ipsum
705 575 738 635 et
761 575 978 635 accusatorem
1005 568 1258 647 intercesserint,
1289 585 1356 649 qua

298 673 330 738 in
353 674 535 739 narratione
557 678 651 740 tanta
671 673 754 738 inest
776 674 826 739 vis
852 673 1107 754 auctoritasque,
1137 677 1173 736 ut
1201 675 1273 736 tota
1302 689 1356 735 ac-

299 777 472 843 cusationis
502 776 581 842 fides
610 776 756 842 funditus
786 770 934 857 tollatur,
963 775 1104 842 omnium
1135 774 1190 856 qui
1219 773 1358 839 audiunt

300 879 531 945 existimatione
553 887 720 946 accusator
742 889 906 962 tamquam
926 880 1160 945 condemnetur.
1194 876 1299 955 Quare
1321 877 1355 942 in

299 983 350 1046 his
373 983 468 1048 rebus
489 1001 550 1048 non
573 983 667 1048 modo
696 983 836 1048 maxima
864 980 1150 1063 argumentationis
1180 999 1256 1062 pars
1285 998 1357 1044 ver-

299 1089 389 1150 setur
411 1103 537 1151 necesse
560 1092 619 1167 est,
641 1087 698 1152 sed
720 1085 817 1151 etiam
840 1086 944 1150 oratio
966 1084 1011 1150 sit
1033 1082 1231 1160 concitatior,
1254 1081 1357 1163 magis

300 1193 456 1269 perpetua
478 1207 574 1271 quam
596 1189 739 1267 concisa,
769 1188 897 1254 dicendi
926 1186 1019 1270 quasi
1046 1184 1162 1251 flumen
1193 1186 1293 1251 latius
1322 1190 1358 1250 et

301 1291 420 1371 majore
442 1291 564 1372 impetu
585 1297 620 1358 et
640 1291 770 1358 uberius
793 1292 951 1358 decurrat.
996 1290 1104 1356 Etiam
1132 1289 1219 1355 omni
1247 1306 1357 1353 narra-

303 1393 382 1457 tioui
404 1393 576 1475 ampliores
598 1395 722 1477 periodi
744 1395 847 1478 magis
872 1402 947 1459 sunt
968 1392 1134 1476 appositae
1155 1409 1251 1473 quam
1273 1390 1357 1455 anti·

301 1495 441 1563 theticae
471 1498 527 1562 isti
557 1499 801 1580 argumentandi
833 1498 959 1563 rationi.
1001 1498 1202 1579 Quamquam
1232 1493 1264 1559 in
1287 1511 1358 1557 ora·

301 1599 386 1665 tione
402 1601 438 1665 V.
461 1600 612 1679 narratio,
634 1618 716 1682 quae
738 1600 866 1683 quidem
889 1598 1159 1681 argumentationi
1180 1597 1358 1680 praemissa

301 1708 368 1783 est,
398 1702 548 1769 brevibus
570 1710 603 1768 et
625 1702 758 1768 concisis
779 1704 946 1768 sententiis
969 1702 1104 1779 incedit,
1133 1719 1231 1783 quum
1254 1718 1355 1782 oeque
1403 1744 1411 1757 .

301 1806 423 1872 animos
446 1825 573 1873 movere
593 1808 711 1888 possit,
741 1813 774 1872 et
798 1824 860 1873 una
882 1824 1027 1890 quaeque
1056 1824 1108 1871 res
1130 1810 1256 1870 tantum
1279 1822 1358 1886 pon-

303 1910 389 1975 deris
420 1910 553 1989 habeat,
592 1917 629 1976 nt
657 1910 698 1975 ab
729 1910 802 1975 aliis
839 1913 989 1992 separata
1026 1909 1059 1973 in
1093 1926 1187 1973 aures
1227 1905 1357 1973 influere

305 2013 431 2078 debeat.
475 2015 627 2079 Attamen
659 2013 803 2079 conferas
833 2013 986 2078 orationis
1007 2012 1046 2077 V.
1069 2011 1108 2094 ξς
1131 2010 1274 2090 77-78,
1305 2009 1358 2076 ubi

305 2116 446 2180 narratio
468 2134 550 2197 quae
579 2120 629 2181 est
658 2118 697 2182 de
726 2123 820 2199 patre
849 2117 991 2182 accusati
1020 2114 1136 2195 amplis
1163 2112 1304 2195 periodis
1323 2117 1358 2177 et
1419 2193 1425 2200 ο

232 2215 236 2222 “
304 2217 524 2299 polysyndetis
564 2219 674 2284 utitur.
729 2219 852 2285 Deinde
890 2218 947 2284 tali
967 2268 969 2271 v
988 2217 1115 2283 dicendi
1151 2216 1275 2280 ratione
1310 2215 1359 2279 uti

304 2321 401 2385 etiam
424 2321 527 2403 magis
554 2340 690 2403 aequum
720 2328 771 2387 est
799 2321 1031 2402 narrationem,
1061 2338 1125 2401 qna
1155 2317 1359 2383 adversarius

304 2422 519 2505 impugnetur.
563 2424 749 2507 Impugnari
770 2426 854 2490 euim
878 2425 944 2490 iere
971 2423 1113 2488 dicemus
1134 2420 1359 2500 Philocratem,

304 2545 401 2607 quum
432 2526 563 2592 crimine
595 2527 666 2608 ipso
692 2528 758 2609 Jam
790 2526 930 2593 refutato
962 2527 1012 2593 bis
1045 2525 1198 2591 nefariam
1231 2542 1269 2589 ac
1299 2522 1358 2587 lal-

304 2628 405 2694 laeem
427 2629 619 2696 delationem
641 2630 795 2711 pecuniae
826 2648 923 2696 causa
952 2646 1050 2694 ausus
1080 2647 1150 2695 esse
1180 2625 1358 2709 perspicuis

304 2731 545 2813 probationibus
566 2739 731 2815 arguatur.
775 2732 886 2815 Neque
907 2731 975 2797 fieri
1006 2736 1114 2813 potest
1136 2731 1211 2813 quin
1235 2733 1269 2795 et
1290 2728 1359 2811 ipse

306 2853 379 2900 reus
411 2841 502 2901 tanta
532 2836 674 2917 nequitia
702 2834 798 2902 valde
824 2842 1077 2912 commoveatur,
1109 2839 1207 2915 atque
1234 2832 1359 2915 judices

305 2938 347 3002 ad
369 2938 501 3004 eandem
524 2938 604 3002 iram
626 2939 785 3003 adducere
807 2938 945 3003 studeat.
991 2937 1094 3015 Quam
1117 2935 1157 3002 ob
1179 2954 1247 3001 rem
1269 2933 1357 3017 equi·

308 3040 381 3104 dem
404 3040 470 3106 iere
493 3042 637 3123 ineptum
659 3040 726 3106 fore
747 3059 903 3123 censeam,
925 3041 982 3124 qui
996 3046 1063 3105 tam
1077 3039 1209 3120 indigna
1230 3056 1359 3105 accusa·

306 3148 411 3208 torum
441 3143 582 3211 facinora
612 3146 725 3210 sedata
760 3144 816 3209 illa
851 3162 889 3209 ac
925 3144 1040 3226 mandi
1073 3141 1200 3208 dicendi
1237 3142 1359 3207 ratione

250 3235 255 3249 ⁸
306 3251 382 3311 ante
403 3246 511 3313 oculos
541 3253 689 3328 poneret,
723 3266 787 3329 qua
809 3247 912 3313 oratio
933 3246 972 3311 V.
994 3251 1070 3327 apte
1099 3245 1210 3309 utitur.
1254 3247 1361 3324 Atque

306 3348 505 3414 concitatiori
527 3349 678 3415 orationis
697 3350 752 3415 VI.
775 3350 884 3429 generi
913 3349 1048 3413 maxime
1074 3346 1227 3413 inservire
1249 3348 1360 3414 viden-

307 3456 361 3514 tur
390 3448 512 3532 figurae
544 3471 626 3533 quae
659 3453 702 3517 ad
736 3470 863 3517 sensum
895 3455 1052 3532 spectant.
1104 3451 1156 3514 Ad
1188 3467 1243 3514 eas
1275 3449 1359 3530 quod

307 3554 447 3635 pertinet
468 3573 507 3619 ex
528 3555 764 3620 enumeratione
787 3563 896 3620 nostra
917 3554 999 3618 satis
1020 3557 1157 3635 apparet
1179 3569 1250 3631 non,
1275 3553 1360 3633 quod

230 3649 233 3654 ’
308 3656 501 3738 Wagenerus
525 3655 571 3739 (p.
595 3657 672 3739 111)
695 3656 781 3736 vult,
812 3656 867 3738 qui
890 3654 1007 3720 Blassii
1030 3654 1129 3719 verba
1150 3654 1196 3736 (p.
1219 3654 1283 3720 202
1298 3655 1360 3736 sq.)

306 3778 420 3841 parum
443 3758 636 3824 intellexisse
657 3759 798 3839 videtur,
827 3757 1126 3839 interrogationem,
1155 3756 1361 3839 anaphoram,

307 3863 501 3942 asyndeton,
539 3879 729 3942 quamquam
761 3861 822 3927 boc
854 3863 886 3926 in
917 3861 1060 3926 oratione
1088 3859 1144 3925 VI.
1173 3859 1246 3941 plus
1279 3858 1360 3924 artis

307 3970 404 4047 atque
426 3963 576 4045 ponderis
595 3963 710 4045 habet,
742 3963 838 4045 huJ'us
860 3963 1014 4030 orationis
1035 3962 1166 4044 propria
1189 3979 1274 4043 esse,
1304 3961 1361 4026 sed

307 4073 432 4134 tantum
455 4066 724 4134 exclamationem.
768 4067 886 4134 Contra
914 4065 1055 4150 figurae,
1088 4082 1169 4147 quas
1197 4063 1302 4130 oratio
1323 4063 1361 4129 V.
