3100 4834
264 1594 282 1692 ,ζ
294 1566 427 1687 Quanti
449 1601 601 1665 momenti
623 1598 666 1664 sit
687 1599 893 1680 Antiphontis
924 1600 965 1664 de
996 1599 1148 1665 choreuta
1173 1600 1276 1666 oratio

223 1723 285 1770 non
316 1705 409 1769 modo
444 1704 486 1768 ad
517 1702 689 1766 multarum
721 1720 826 1765 rerum
858 1702 1086 1783 cognitionem,
1122 1720 1204 1782 quae
1234 1703 1276 1766 ad

224 1804 467 1871 Atheniensium
482 1804 570 1870 vitae
585 1823 682 1885 quum
697 1805 844 1886 privatae
867 1808 935 1870 tum
958 1805 1105 1885 publicae
1126 1805 1276 1870 instituta

225 1909 374 1988 attinent,
403 1907 460 1971 sed
482 1907 539 1988 ad4
555 1905 656 1987 ipsius
678 1925 802 1988 quoque
825 1897 1034 1988 Antiphontis
1057 1907 1217 1989 ingenium
1239 1925 1276 1972 ac

226 2009 353 2076 dicendi
374 2027 474 2091 genus
501 2008 719 2091 judicandum,
751 2009 835 2076 inter
866 2029 982 2089 omnes
1016 2010 1071 2091 qui
1093 2010 1221 2091 quidem
1243 2010 1275 2075 in

226 2113 277 2178 his
308 2111 404 2178 rebus
437 2110 556 2176 versati
586 2118 679 2193 sunt,
715 2112 796 2178 satis
828 2117 962 2179 constat.
1006 2112 1110 2189 Quare
1142 2118 1277 2195 apparet

225 2233 373 2297 magnam
396 2232 559 2279 sanarem
583 2215 864 2297 dignissimamque
887 2234 968 2297 quae
991 2217 1171 2289 accuratius
1194 2220 1277 2280 trac·

227 2324 315 2385 tetur
346 2315 474 2398 suscipi,
505 2317 533 2382 si
564 2319 635 2399 quis
665 2318 760 2400 hujus
790 2319 942 2384 orationis
969 2317 1064 2382 fidem
1087 2322 1119 2382 et
1140 2320 1278 2384 auctori·

226 2426 327 2486 tatem
350 2424 443 2485 vocet
470 2420 503 2485 in
532 2420 772 2487 dubitationem.
817 2423 933 2486 Verum
956 2421 1035 2486 mihi
1058 2439 1140 2485 nunc
1163 2439 1223 2486 non
1246 2422 1277 2486 in

227 2527 333 2591 animo
366 2529 416 2589 est
448 2524 489 2588 do
518 2523 559 2588 iis
589 2524 761 2604 disserere,
799 2543 881 2607 quae
909 2523 1074 2602 Reiskius,
1112 2523 1278 2605 Sluiterus,

226 2628 401 2705 HeckeruS,
424 2626 480 2691 alii
502 2631 613 2691 contra
643 2628 738 2710 hujus
768 2646 829 2692 non
857 2628 961 2709 magis
983 2643 1078 2709 quam
1102 2632 1278 2691 ceterarum

227 2730 415 2805 orationum,
439 2747 518 2809 quas
540 2729 598 2793 sub
615 2731 823 2815 Antiphontis
846 2730 971 2793 nomine
993 2729 1183 2809 accepimus,
1205 2748 1279 2794 auc·

228 2833 392 2899 toritatem
415 2832 628 2913 protulerunt,
650 2850 758 2898 omnes
780 2833 903 2914 pariter
934 2832 1028 2913 hujus
1057 2831 1194 2896 oratoris
1224 2851 1280 2897 no·

228 2937 312 3001 mine
334 2935 481 3016 indignas
503 2953 572 3000 esse
594 2934 754 3000 arbitrati.
789 2933 929 3011 Quorum
946 2934 1104 2999 sententia
1118 2955 1138 3000 a
1152 2938 1280 3000 nostrae

151 3084 156 3091 -
230 3040 347 3103 aetatis
370 3038 448 3103 viris
470 3039 581 3117 doctis,
604 3038 706 3120 iisque
728 3039 864 3103 maxime
887 3038 942 3118 qui
965 3038 997 3101 in
1019 3038 1195 3103 tractandis
1210 3056 1280 3102 ora·

230 3140 352 3205 toribus
374 3140 491 3205 Atticis
520 3141 724 3223 praecipuam
748 3159 877 3222 operam
900 3148 1086 3222 posuerunt,
1109 3140 1281 3222 reprobata

232 3246 330 3323 atque
352 3240 477 3321 abJ‘ecta
497 3247 562 3320 est,
595 3243 711 3325 quippe
735 3261 829 3323 quam
853 3243 899 3307 illi
923 3262 982 3308 non
1006 3248 1072 3307 tam
1095 3263 1133 3308 en
1153 3244 1282 3326 judiciis
1387 3230 1389 3235 ’

231 3343 501 3424 testimoniisque,
539 3362 620 3424 quae
649 3346 736 3426 apud
767 3351 892 3411 veteres
922 3346 1092 3428 scriptores
1121 3348 1161 3412 de
1189 3348 1281 3412 Anti·

231 3447 362 3529 phontis
390 3446 588 3513 orationibus
617 3453 759 3529 exstant,
801 3455 949 3516 accurate
989 3449 1283 3529 demonstraverint,

231 3568 326 3632 quam
348 3550 389 3616 ad
413 3569 527 3615 vanam
551 3552 709 3633 quandam
733 3558 766 3617 et
788 3571 826 3617 ex
848 3559 959 3634 suopte
985 3552 1119 3619 arbitrio
1141 3553 1207 3619 iere
1229 3571 1283 3617 ex-

231 3672 374 3735 pressam
397 3654 566 3735 imaginem
590 3653 790 3736 eloquentiae
812 3656 1060 3736 Antiphonteae,
1085 3656 1190 3737 qualis
1211 3675 1283 3737 per-

231 3755 407 3823 fectissima
429 3776 498 3824 esse
521 3758 631 3840 possit,
655 3759 848 3824 rettulerint
878 3759 969 3825 Nunc
991 3762 1018 3825 si
1042 3760 1082 3823 de
1104 3760 1282 3823 orationum

232 3861 518 3942 Antiphontearum
539 3859 603 3925 fide
619 3861 829 3944 disceptatur,
852 3856 996 3944 quintam
1013 3870 1045 3927 et
1060 3866 1181 3927 sextam
1198 3867 1285 3927 certe

233 3980 340 4028 omnes
361 3964 515 4045 genuinas
537 3982 607 4030 esse
629 3965 807 4029 consentire
823 3965 934 4031 solent.
970 3967 1166 4044 Quamquam
1183 3982 1285 4043 nuper

233 4067 272 4136 Α.
296 4067 489 4151 Wagenerus
510 4069 542 4133 in
566 4067 668 4134 diario
690 4068 746 4132 illo
767 4068 851 4151 quod
884 4069 1083 4135 inscribitur:
1114 4068 1222 4133 Revue
1245 4067 1284 4132 de

677 4219 914 4324 456856
1046 4185 1055 4249 ¹
