3100 4834
735 410 947 476 ..10-

318 574 396 644 aber
418 578 499 644 euch
523 578 572 644 ein
596 578 720 647 solcher
743 581 814 646 Fnll
836 581 868 646 in
891 579 948 646 der
970 578 1200 661 genehtliehen
1218 577 1368 645 Behend·

313 679 391 762 lung
412 681 499 746 seioe
522 681 621 748 Stelle
642 682 777 750 linden‘·
822 683 1085 765 Harpocrationis
1113 681 1196 748 euim
1223 680 1368 749 definitio

314 784 352 866 (ε.
374 804 404 849 v.
431 782 538 866 βσυλ.)
576 783 655 852 haec
685 793 753 852 est:
805 780 1004 870 βουλεύσεως
1041 780 1243 873 ἐγκλήματός
1277 781 1368 850 ἐστιν

314 880 417 969 ὄνομα
448 883 507 951 ἐπὶ
538 886 630 952 δυοῖν
659 884 870 974 πραγμάτοιν
898 882 1106 973 ταττόμενον.
1148 884 1187 952 τὸ
1216 884 1278 972 μὲν
1304 882 1368 974 γάρ

314 984 404 1052 ἔστιν
425 983 506 1054 ὅταν
528 987 565 1071 ἐξ
587 988 764 1079 ἐπιβουλῆς
786 988 838 1069 τίς
868 1015 931 1057 τινι
962 987 1188 1078 κατασκευάσῃ
1209 984 1366 1069 θοίνατον,

315 1087 373 1155 εὐίν
393 1114 429 1156 τε
450 1085 609 1182 ἀποθάνῃ
631 1089 649 1158 d
672 1092 923 1179 ἐπιβουλευθείς
945 1090 1003 1160 εἀν
1024 1116 1059 1159 τε
1073 1089 1130 1182 μή.
1160 1091 1199 1160 τὸ
1213 1093 1243 1158 δ’
1259 1089 1369 1174 ἕτερον

314 1193 381 1260 κτλ.
425 1197 473 1263 Ac
493 1196 630 1278 nmmum
660 1199 790 1281 quidem
820 1200 906 1281 quod
928 1198 1109 1280 Philippices
1139 1198 1237 1265 verbu
1265 1220 1368 1260 κατα-

315 1294 457 1386 σκευάσῃ
479 1294 628 1365 θοίνατον
649 1308 736 1367 recte
759 1301 823 1366 dici
845 1319 938 1384 posse
960 1302 1018 1382 ait,
1040 1301 1108 1367 sive
1130 1300 1201 1383 quis
1223 1297 1260 1365 ἐκ
1282 1321 1369 1384 προ-

316 1396 408 1478 νοίας
439 1403 506 1469 sive
538 1397 613 1467 doce
636 1400 796 1488 προνοίας
825 1404 938 1469 mortis
966 1410 1077 1470 auctor
1109 1403 1162 1483 sit,
1191 1404 1286 1487 plene
1315 1422 1368 1468 ns·

314 1505 497 1571 sentiemur.
540 1506 635 1572 Heud
659 1525 733 1573 roro
755 1509 839 1574 enim
862 1507 992 1574 verbum
1014 1503 1268 1587 κατασκευάζον
1288 1505 1370 1571 nihil

315 1607 402 1673 eliud
427 1613 518 1674 notat
539 1628 634 1693 quom
658 1608 833 1692 „efficere“.
870 1610 939 1676 Hoc
954 1617 1061 1676 tamen
1083 1609 1151 1676 loeo
1172 1610 1369 1676 voluntatem

314 1710 493 1792 significare
522 1720 673 1796 apparet,
706 1714 733 1779 ei
755 1715 798 1778 nd
820 1713 918 1779 verbe
940 1707 998 1778 ἐάν
1020 1734 1055 1776 τε
1076 1707 1123 1799 μή
1144 1731 1188 1779 sc.
1208 1704 1368 1799 ἀποθάνῃ

315 1832 454 1897 revocas,
478 1815 531 1880 ubi
547 1835 607 1883 vox
620 1811 768 1882 θάνατον
783 1823 907 1883 tuntum
924 1816 1061 1898 intelligi
1076 1821 1193 1898 potest,
1211 1823 1370 1897 quatenus

314 1913 461 1996 βοίυατος
481 1925 513 1984 ln
537 1920 667 1986 consilio
690 1920 870 1987 homicidae
892 1918 962 1985 tuit.
1004 1921 1103 1985 Recte
1125 1920 1221 1985 etium
1245 1918 1369 2001 Philip·

313 2020 386 2103 pius
414 2021 513 2087 verbe
541 2018 579 2104 ἐξ
607 2019 784 2111 ἐπιβουλῆς
812 2023 996 2104 vituperare
1029 2021 1172 2101 videtur,
1211 2022 1368 2105 siquidem

315 2124 346 2188 in
368 2122 408 2189 iis
429 2125 541 2192 eadem
572 2125 655 2192 inest
686 2127 750 2203 vis,
779 2144 875 2207 quam
903 2127 953 2190 vir
982 2126 1095 2191 doetus
1117 2126 1204 2207 apud
1226 2131 1369 2190 oratores

316 2233 349 2289 et
370 2226 401 2291 in
426 2227 550 2309 legibus
571 2228 670 2295 verbu
692 2222 834 2314 πρόνοια
856 2237 889 2294 et
912 2222 1134 2311 ἐπιβουλεύειν
1156 2226 1226 2310 (cfr.
1249 2229 1323 2292 Ant
1343 2233 1374 2292 Γ

313 2332 336 2411 β
357 2329 394 2409 5)
416 2328 535 2396 habere
558 2332 667 2398 doeet:
691 2332 857 2398 consilium
881 2330 984 2414 ipsam
1009 2349 1115 2396 necem
1138 2335 1304 2412 speetun83
1339 2330 1367 2395 si

312 2430 425 2511 minus,
449 2433 610 2517 Philippie
631 2434 808 2518 probentur
826 2452 953 2501 necesse
967 2441 1026 2499 est
1064 2433 1264 2516 Quemquam
1286 2432 1367 2498 mihi

312 2551 353 2597 ne
383 2534 431 2600 ita
465 2537 593 2620 quidem
615 2538 782 2604 convenire
805 2537 962 2603 videntur.
1006 2535 1185 2618 Philippico
1206 2536 1299 2617 enim,
1331 2542 1368 2600 ut

314 2656 412 2719 supra
442 2641 594 2722 diximus,
637 2641 846 2723 Antiphontis
875 2640 1046 2723 tetralogia
1077 2645 1107 2704 Γ
1132 2637 1268 2705 confisus
1295 2656 1367 2704 eum

312 2741 414 2806 solum
437 2743 628 2810 homicidam
652 2741 688 2809 ἐκ
710 2739 871 2830 προνοίας
899 2743 962 2808 diei
984 2742 1156 2823 existimat,
1187 2742 1242 2824 qui
1263 2742 1367 2823 ipsam

315 2850 449 2911 mortem
488 2847 581 2914 elteri
618 2847 735 2915 inferre
765 2848 797 2913 in
829 2847 969 2914 animum
1001 2846 1171 2912 induxeiit.
1222 2845 1308 2926 Ergo
1340 2844 1369 2911 si

313 2942 455 3033 πρόνοια
477 2949 579 3030 absit,
607 2950 676 3017 fieri
706 2957 813 3017 tomen
844 2968 938 3032 posse
967 2957 1004 3015 ut
1034 2949 1123 3015 uliud
1152 2948 1369 3032 qualecunque

314 3052 479 3119 consilium
508 3052 657 3119 infestum
688 3053 849 3120 homicide
887 3050 1014 3118 habeat
1065 3051 1232 3132 Eiusmodi
1269 3049 1369 3132 igitur

316 3153 382 3221 fere
405 3155 569 3222 consilium
601 3175 670 3224 esse
701 3163 809 3224 censet
830 3148 1066 3239 βουλεύσαντος
1096 3147 1170 3218 ίίυεο
1199 3148 1368 3239 προνοίας.

278 3302 281 3310 .
315 3258 407 3336 Quod
429 3260 457 3324 si
479 3265 576 3341 reete,
601 3267 637 3326 ut
658 3260 786 3344 quidem
800 3260 937 3339 videtur,
960 3257 1146 3341 disputavit,
1168 3249 1370 3340 βουλεύσεως

315 3355 390 3427 ι’ίνευ
411 3358 571 3447 προνοίας
598 3364 758 3429 notionem
789 3362 886 3430 latius
916 3368 1042 3444 petere,
1072 3360 1241 3442 siminus,
1271 3358 1368 3425 uliam

314 3483 384 3532 esse
406 3465 561 3547 suspicor.

379 3568 506 3634 Etenim
523 3586 741 3650 computemus
760 3571 838 3649 iam,
861 3569 922 3634 etsi
936 3567 1073 3633 fortusse
1089 3566 1174 3648 longi
1190 3565 1370 3633 videbimur

315 3673 347 3737 in
370 3671 466 3739 rebus
488 3671 622 3753 opertis,
655 3666 759 3758 φόνου
780 3676 814 3735 et
834 3666 1035 3754 βουλεύσεως
1057 3671 1141 3736 inter
1162 3687 1196 3734 se
1217 3668 1371 3734 concinna

313 3793 449 3858 genere,
488 3783 525 3841 ut
553 3776 632 3858 quid
661 3775 692 3840 in
725 3792 851 3858 quoque
884 3774 1006 3840 consilii
1045 3773 1206 3839 homicide
1242 3770 1370 3852 hubent,

314 3883 503 3961 spectemus,
550 3878 691 3944 Primum
724 3878 826 3958 igitur
856 3872 960 3963 φόνου
990 3894 1090 3956 genus
1122 3882 1188 3955 est,
1218 3876 1245 3940 si
1276 3875 1370 3939 homo

315 3983 372 4067 qui
394 3982 512 4048 oceidit
534 4000 647 4048 necere
669 3980 738 4046 vult
761 3975 877 4066 (φόνος
892 3973 1032 4060 ἓκούσ.);
1056 3979 1139 4044 idem
1160 3971 1370 4061 βουλεύσεως,

315 4086 343 4152 si
366 4084 437 4171 quie
459 4087 596 4152 alterum
618 4086 661 4152 ed
682 4103 791 4153 necem
814 4084 970 4152 subornat
990 4101 1027 4152 eo
1049 4081 1189 4165 oonsilio,
1211 4087 1248 4146 ut
1263 4078 1370 4150 inimi·
