3100 4834
622 300 832 420 ,49-

201 520 430 604 impedimento
467 523 534 589 fore
571 525 716 605 videtur,
761 527 845 609 quod
885 525 1060 608 disputatio
1096 527 1251 608 quaedam

199 625 252 707 (ἕξ
275 625 419 707 46-47)
442 627 664 710 intercederet,
688 648 785 711 quum
808 629 904 694 etiarn
927 647 972 694 or.
994 629 1032 695 V.
1054 629 1140 711 §35,
1161 637 1251 696 autc-

199 747 296 810 quam
330 733 430 794 testes
463 733 656 812 procedant,
695 736 803 796 orator
840 730 970 812 paulum
1002 738 1251 814 argumentetur.

198 829 363 897 Iusuetnm
395 838 503 898 autem
534 842 635 913 esset,
666 835 750 917 qnod
782 854 846 900 una
877 835 1006 899 testium
1037 834 1148 900 citatio
1179 843 1252 918 post

199 937 326 999 tantum
350 936 541 1001 narrationis
563 937 702 1018 spatium
724 935 824 1003 fieret.
857 937 893 1002 In
909 956 954 1002 or.
971 937 1008 1002 V.
1024 937 1107 1003 enim
1129 937 1251 1003 citatim

199 1036 350 1118 deinceps
372 1042 471 1102 testes
493 1037 696 1105 adhibentur.
740 1038 953 1118 Quamobrem
975 1039 1123 1120 equidem
1145 1040 1252 1123 potins

198 1139 384 1205 testimonia
413 1141 549 1222 proferri
578 1142 717 1208 arbitror
747 1148 821 1225 post
848 1142 919 1224 ipsa
949 1141 1048 1208 verba
1075 1141 1131 1207 illa
1153 1144 1171 1225 ξ
1192 1145 1251 1208 41ε

200 1237 382 1326 σκέψασθε
404 1279 445 1290 -
468 1235 577 1332 ἀληθῆ
599 1241 691 1329 λέγω.
737 1245 786 1309 Ea
807 1246 900 1325 enim,
925 1251 1081 1326 utsupra
1103 1247 1250 1327 diximus,

201 1345 304 1426 magis
327 1364 397 1412 cum
429 1345 469 1412 iis
500 1346 672 1413 cohaerent
700 1365 783 1429 quae
811 1347 1021 1426 antecedunt,
1054 1366 1150 1431 qnam
1180 1367 1250 1414 cum

199 1448 399 1530 digressione
429 1465 511 1529 quae
537 1456 587 1514 est
609 1450 648 1514 de
671 1449 822 1517 archonte
844 1468 928 1531 rege.
973 1451 1045 1515 Jam
1069 1468 1144 1516 vero
1166 1451 1252 1533 qnis-

198 1550 287 1632 piam
309 1549 416 1616 forsan
439 1560 583 1633 quaerat,
607 1572 681 1617 num
705 1573 742 1619 ea
765 1571 889 1634 quoque
905 1552 1047 1618 hocloco
1062 1555 1251 1620 testimoniis

198 1653 384 1735 probentur,
408 1673 489 1736 quae
512 1655 550 1736 ξς
574 1655 694 1738 nosqq.
717 1663 867 1721 enarrata
883 1661 966 1721 sunt.
997 1657 1090 1735 Quod
1104 1657 1252 1739 equidem

198 1757 391 1838 negaverim.
443 1757 554 1839 Neque
584 1758 667 1823 enim
702 1759 719 1841 ξ
748 1759 788 1823 41
820 1757 918 1823 verba
949 1760 1050 1822 cotan
1082 1751 1251 1840 ἀποδείξω

198 1865 266 1923 tam
289 1858 355 1924 late
378 1866 490 1940 patere
512 1867 663 1942 apparet,
695 1867 731 1926 ut
758 1880 798 1926 ea
826 1862 869 1926 ad
897 1860 952 1925 illa
982 1878 1112 1942 quoqne.
1133 1861 1252 1929 referre

197 1960 304 2036 liceat,
327 1966 361 2026 et
382 1963 400 2043 ξ
423 1963 757 2044 32argumentatioui
780 1963 827 2029 illi
843 1972 1004 2044 tamquam
1020 1972 1143 2031 certum
1157 1963 1251 2030 finem

198 2065 346 2145 imponit.
390 2064 590 2146 Quamquam
613 2084 704 2132 nemo
726 2079 776 2132 est
806 2067 882 2147 quin
912 2066 1064 2132 concedat
1093 2067 1173 2135 istas
1203 2086 1252 2132 res

198 2171 269 2231 tum
291 2167 421 2232 maximi
444 2168 476 2233 in
499 2168 559 2234 hac
589 2187 685 2234 cansa
712 2169 862 2236 momenti
893 2175 960 2234 tum
993 2171 1148 2252 ejusmodi
1172 2189 1252 2250 esse,
1339 2167 1372 2212 ’·“

197 2274 238 2334 nt
259 2276 292 2335 et
307 2270 330 2335 ii
345 2271 401 2353 qui
420 2272 555 2337 audiant
576 2292 671 2355 quam
694 2272 832 2355 plurima
855 2273 1037 2339 testimonia
1058 2273 1250 2354 desiderent,

197 2378 233 2438 et
253 2379 354 2441 testes
376 2375 487 2440 deesse
509 2383 676 2457 nequeant.
709 2374 742 2441 Si
758 2376 859 2457 igitur
873 2376 914 2441 de
935 2375 987 2441 his
1009 2394 1133 2459 quoqne
1155 2376 1250 2442 rebus

197 2481 299 2542 testes
320 2477 492 2559 productos
514 2496 584 2544 esse
606 2478 812 2558 arbitramur,
834 2477 980 2561 equidem
1005 2497 1058 2543 eos
1080 2486 1154 2561 post
1175 2478 1251 2560 §24

197 2580 373 2662 procedere
396 2581 549 2660 suspicor.
571 2617 613 2627 —
635 2580 671 2646 In
695 2582 713 2663 ξ
735 2581 778 2648 43
801 2599 898 2664 quum
921 2581 1062 2663 legatur:
1087 2574 1252 2665 καίτοιεί

197 2675 239 2746 ἂν
269 2676 346 2765 ὑμῖν
375 2677 489 2748 τούτου
515 2681 629 2766 μεῖζον
650 2679 823 2770 τεκμήριον
845 2675 1078 2767 ἀποδείξαιμι,
1110 2677 1162 2749 ὅτι
1192 2675 1250 2749 οὐκ

195 2777 342 2873 ἠδικεῖτο
364 2778 437 2850 oho'
460 2779 516 2849 ὑπ’
540 2781 619 2869 ἐμοῦ
642 2779 716 2851 n'rid’
738 2781 795 2851 ὑπ’
818 2781 950 2866 traiano,
983 2786 1113 2851 nimium
1138 2788 1250 2868 Woge·

197 2906 294 2953 uerus
316 2889 368 2967 ait¹
387 2907 474 2953 reum
497 2889 734 2955 domonstrasse
763 2889 874 2955 videri.
919 2888 967 2953 Ex
988 2909 1026 2955 eo
1050 2889 1132 2955 enim
1163 2890 1248 2971 quod

196 3009 315 3070 regem,
339 3010 436 3074 quum
458 2991 613 3057 rationem
636 2992 717 3075 gesti
734 2993 873 3058 muneris
889 2994 1046 3069 redderet,
1070 3010 1130 3057 nou
1146 2993 1249 3073 agita-

195 3094 302 3158 verint
334 3103 551 3177 accusatores,
584 3115 644 3161 non
675 3094 867 3174 hoc'orfici,
904 3093 1074 3175 choragum
1105 3093 1249 3161 veneficii

195 3194 292 3278 culpa
320 3216 445 3295 parere,
478 3200 533 3264 sed
561 3204 686 3264 tantum
715 3199 795 3263 istos
817 3198 960 3263 homines
983 3196 1150 3262 mendaces
1171 3215 1249 3263 esse.

195 3298 279 3364 Sane
302 3301 430 3381 quidem
453 3300 531 3367 iilud
558 3321 619 3366 uon
643 3299 789 3367 efficitur.
833 3301 878 3364 At
900 3299 977 3365 mihi
1000 3300 1128 3380 qnidam
1152 3300 1249 3366 verba

198 3395 273 3466 οὔδ’
295 3396 353 3466 hrc'
377 3398 456 3486 ἐμοῦ
485 3404 664 3470 revocanda
694 3421 762 3470 esso
792 3402 942 3468 videntur
970 3403 1012 3468 ad
1041 3401 1120 3468 illud
1148 3403 1247 3484 541:

196 3502 253 3568 διὰ
274 3501 331 3594 τὴν
353 3501 432 3593 ἐμὴν
454 3501 609 3594 σπουδήν,
642 3514 674 3572 et
696 3506 851 3588 ejnsmodi
874 3523 943 3570 esse
969 3504 1190 3588 intellegenda,
1212 3515 1249 3571 ut

198 3607 355 3690 choragus
377 3627 478 3691 neque
500 3627 569 3676 sese
592 3610 659 3693 regi
681 3610 878 3693 persuasisse
892 3609 991 3688 dicat,
1013 3616 1049 3674 ut
1072 3609 1248 3675 accusatio-

199 3730 268 3776 nem
289 3712 432 3793 reioeret,
456 3731 557 3793 neque
579 3732 637 3778 sua
659 3713 766 3794 gratia
788 3731 895 3795 regem
918 3711 1073 3793 rejecisse.

260 3815 457 3881 Hartmanus
487 3816 527 3881 ad
559 3816 645 3897 §40
671 3817 805 3881 adnotat
834 3814 930 3882 haee:
961 3814 1064 3897 „Cum
1095 3821 1162 3881 toto
1188 3814 1247 3880 hoc

201 3914 265 3982 loeo
286 3918 327 3982 de
349 3918 541 3985 Philocratis
562 3918 639 3986 ficta
661 3919 803 3985 amicitia
827 3917 1029 3984 conferantur
1050 3916 1129 3983 haec
1150 3917 1248 3983 verba

203 4018 323 4086 eDem.
347 4021 426 4088 Mid.
456 4042 486 4104 p.
510 4019 588 4088 553:
623 4017 783 4087 εἰσελθών
817 4013 929 4084 οἴκαδε
961 4014 1006 4096 ὡς
1036 4015 1162 4084 ἐκεῖνον
1191 4017 1246 4085 καὶ

1001 4139 1019 4197 i
