3100 4834
740 407 952 476 ..70-

246 566 249 571 ’
322 580 504 649 adductam.
548 581 584 645 ln
613 580 685 646 istis
713 580 792 646 locis
823 580 911 645 nobis
942 579 1110 661 spectandi
1141 584 1216 644 sunt
1245 578 1301 653 VI,
1324 576 1376 657 84,

322 684 374 764 41,
395 684 448 762 45,
470 684 509 764 V,
533 685 669 763 11-12,
690 685 742 762 48,
766 684 817 763 78,
839 685 891 749 93.
928 682 972 747 Et
986 682 1042 760 VI,
1055 682 1099 747 34
1119 681 1258 764 quidem,
1281 699 1374 762 quem

321 786 424 851 locum
442 789 509 868 jam
525 786 755 865 arcessivimus,
778 786 933 852 inusitata
948 785 997 850 uis
1013 785 1097 850 ineat
1111 785 1143 849 in
1167 780 1234 868 ἐμέ,
1257 783 1376 865 quippe

322 891 406 972 quod
430 890 473 955 sit
495 895 528 954 et
550 890 707 972 objectum
730 889 819 955 verbi
837 884 1015 954 αἰτιᾶσθαι
1037 896 1071 952 et
1092 887 1270 969 subjectum
1287 885 1376 952 verbi

323 984 458 1056 ἀδικεῖν.
502 991 572 1058 Non
603 992 708 1058 minus
736 992 803 1058 lere
833 991 1021 1058 offendimur
1043 991 1219 1056 mutatione
1240 988 1376 1070 subjecti

323 1094 363 1175 V,
392 1094 434 1160 48
464 1090 572 1159 καίτοι
604 1087 671 1158 οὔδ’
694 1089 727 1160 οἳ
754 1092 830 1170 τούς
860 1088 1028 1171 δεσπότας
1058 1085 1309 1168 ἀποκτείναντες
1334 1126 1376 1139 -

323 1188 592 1283 ἀποθνήσκουσιν
612 1189 788 1263 δπάὖτῶν
809 1200 874 1260 τῶν
895 1192 1136 1284 προσηκόντων,
1162 1188 1247 1260 ἀλλὰ
1264 1219 1376 1279 παρα-

324 1294 476 1365 διδόασιν
497 1293 613 1379 αὐτούς
634 1301 674 1390 τῇ
696 1293 778 1388 ἀρχῇ
799 1300 868 1366 κτλ.
903 1300 996 1381 Quod
1018 1317 1094 1366 vero
1111 1301 1164 1382 VI,
1178 1300 1223 1364 34
1244 1299 1376 1364 verbum

325 1395 434 1489 ἠξίοιν
464 1405 558 1471 simul
592 1405 719 1472 diversa
751 1404 924 1486 significat,
963 1423 1061 1487 supra
1097 1404 1265 1469 attulimus
1297 1402 1378 1468 illud

326 1502 492 1571 πιστεύειν
512 1525 550 1573 ex
572 1508 614 1589 V,
637 1510 667 1575 8.
712 1509 817 1588 Quare
847 1526 958 1573 vereor
986 1527 1024 1572 ne
1053 1506 1170 1588 injuria
1201 1506 1262 1571 viri
1291 1505 1378 1571 docti

325 1609 410 1675 hunc
423 1609 526 1675 locum
541 1609 743 1676 labefactent.
771 1611 827 1691 VI,
842 1611 971 1677 45-46
986 1610 1057 1675 hiat
1071 1614 1234 1675 structura
1247 1613 1379 1691 propter

327 1712 457 1778 nimium
480 1714 711 1779 sententiarum
735 1731 930 1795 concursum,
953 1714 1000 1779 ita
1022 1720 1140 1790 tamen,
1170 1717 1208 1775 ut
1229 1711 1379 1792 repetitio

327 1814 448 1880 exordii
472 1812 542 1898 (καὶ
564 1807 653 1881 οὗτοι
676 1812 837 1900 παρόντες
858 1816 943 1899 κτλ.)
965 1815 1189 1898 perspicuitati
1217 1814 1378 1879 inserviat

327 1917 442 1983 Itidem
465 1918 504 2000 V,
529 1920 654 1985 11-12
676 1926 709 1985 et
724 1920 762 2000 V,
784 1921 837 2000 46,
859 1920 913 1985 ubi
937 1918 1121 1985 Goelkelius
1143 1917 1379 1983 anacoluthiam

328 2020 470 2086 consulto
503 2021 621 2088 iactam
652 2041 721 2089 esse
753 2031 870 2089 censet.
921 2023 977 2104 VI,
1008 2024 1079 2089 413
1115 2020 1209 2086 nimis
1241 2019 1379 2084 solutam

328 2142 399 2188 esse
430 2125 598 2192 verborum
629 2126 888 2208 compositionem
919 2126 983 2192 ait:
1022 2122 1080 2189 καὶ
1112 2126 1244 2210 πρῶτον
1272 2112 1295 2185 ἃ
1323 2119 1381 2184 τοῦ

328 2223 490 2308 βασιλέως
522 2227 737 2315 κατηγοροῦσι
775 2227 831 2294 καὶ
864 2227 920 2293 δια
957 2225 1014 2313 τὴν
1046 2224 1125 2315 ἐμὴν
1161 2221 1307 2310 σπουδὴν
1343 2215 1381 2286 o'n'

330 2348 432 2413 φασιν
453 2326 582 2394 ἐθέλειν
604 2323 701 2396 αὐτὸν
723 2324 984 2420 ἀπογράφεσθαι
1006 2329 1064 2418 τὴν
1086 2326 1194 2413 δίκην,
1226 2329 1322 2391 τοῦτο
1345 2321 1382 2390 δέ

329 2429 399 2496 κτλ.
431 2430 486 2511 VI,
503 2433 544 2498 23
567 2433 683 2515 aliquis
699 2434 931 2516 exspectaverit
952 2440 1025 2516 post
1046 2429 1076 2498 εἰ
1098 2430 1135 2497 δὲ
1156 2427 1201 2519 μή
1222 2430 1382 2510 obliquam

331 2534 715 2602 oratiouemcontinuari.
759 2536 865 2615 Quare
887 2537 1051 2602 Dobreeus
1075 2535 1139 2617 legi
1160 2534 1231 2599 vult
1253 2528 1385 2616 ἔταμες

331 2626 432 2715 cinna,-
454 2641 594 2703 attamen
616 2646 748 2721 propter
770 2633 957 2723 ὡμολόγουν
978 2637 1143 2721 probanda
1164 2635 1242 2701 mihi
1258 2634 1385 2699 uidetur

254 2740 256 2744 ’
332 2740 521 2805 Jernstedtii
543 2747 576 2806 et
599 2740 715 2806 Blassii
744 2742 839 2808 lectio
868 2737 1001 2825 ἕτοιμος
1022 2733 1050 2827 ἧ
1096 2739 1239 2820 Denique
1267 2738 1383 2803 iterum

332 2860 577 2908 commemorare
591 2843 698 2925 liceat,
720 2845 913 2925 singularem
935 2844 1022 2910 illam
1039 2848 1234 2909 structuram
1248 2841 1287 2921 V,
1303 2841 1382 2919 671,

332 2945 387 3009 ubi
418 2945 589 3011 secundum
620 2947 797 3012 membrum
827 2947 921 3012 aliter
952 2954 1049 3028 atque
1085 2944 1279 3010 cousuetudo
1310 2941 1383 3022 tert,

333 3051 452 3130 pendet
479 3068 541 3113 non
564 3068 609 3129 ,ex
640 3046 769 3134 γεγονός
801 3052 857 3116 sed
887 3069 926 3116 ex
947 3044 1148 3131 ’ἐπίσταμαι
1199 3047 1267 3112 Ηοο
1299 3044 1381 3110 euim

332 3151 538 3235 participium
569 3153 750 3235 appositum
784 3147 1006 3240 (εὑρεθέντας)
1037 3150 1171 3215 multum
1205 3133 1313 3214 differt
1343 3146 1383 3211 ab

334 3255 488 3335 exemplis
517 3273 599 3337 quae
628 3256 747 3335 Krueg.
769 3274 901 3337 gramm.
930 3253 1099 3334 56,15,3
1129 3251 1321 3329 afferuntur3
1351 3250 1383 3314 in
1484 3287 1487 3294 ·
1538 3252 1539 3307 l

334 3357 450 3440 quibus
471 3359 556 3423 idem
579 3359 755 3440 subjeetum
779 3358 949 3441 partieipia
971 3374 1134 3422 commune
1156 3355 1284 3421 habent.

400 3461 447 3525 De
483 3459 711 3542 particularum
749 3460 838 3541 apud
873 3459 1104 3543 Antiphontem
1141 3476 1201 3523 usu
1236 3461 1385 3523 accurate

335 3567 597 3645 disputaverunt,
628 3582 707 3645 quos
729 3582 828 3645 supra
850 3563 1112 3642 memoravimus,
1143 3558 1331 3627 Schaefems
1353 3565 1386 3623 et

336 3666 529 3732 Wetzellius.
572 3665 631 3731 Ille
660 3667 709 3731 uir
740 3667 853 3732 doetus
882 3665 1046 3731 commode
1076 3684 1142 3730 rem
1165 3665 1212 3729 ita
1234 3661 1384 3743 instituit,

335 3775 372 3835 ut
393 3770 567 3834 orationem
590 3769 614 3834 I.
636 3778 670 3835 et
692 3770 879 3852 tetralogias
907 3768 1125 3851 disputatione
1150 3785 1209 3833 sua
1230 3764 1383 3848 complec-

337 3879 467 3951 teretur,
489 3872 663 3955 eodemque
687 3873 783 3938 modo
797 3879 893 3939 oratt.
908 3872 946 3937 V.
962 3878 995 3937 et
1009 3871 1063 3936 Vl.
1092 3871 1171 3953 EJus
1194 3869 1248 3952 qui
1269 3868 1385 3933 adierit

335 3975 476 4041 libellum
500 3995 530 4057 p.
555 3976 604 4054 16,
627 3978 678 4056 27,
699 3976 832 4058 onsqq,
853 3976 895 4042 38
908 3994 965 4058 sq,
991 3975 1044 4054 40,
1064 3974 1118 4056 45,
1139 3975 1193 4054 48,
1213 3972 1270 4039 ubi
1290 3971 1386 4038 hasne

320 4079 495 4151 ‚orationes
517 4084 647 4160 tractat,
679 4078 909 4165 particularum
939 4097 998 4144 usu
1030 4095 1085 4142 eas
1106 4076 1226 4162 optime
1246 4075 1332 4142 inter
1353 4093 1386 4141 se
