3100 4834
715 348 928 417 -62..

361 523 466 591 Ironia
498 523 604 590 utitur
632 527 740 589 orator
771 522 811 602 V,
836 523 919 599 621,
943 530 979 602 2,
1015 519 1163 587 similiter
1196 519 1238 587 ib.
1269 519 1311 585 26
1322 528 1349 584 2.

297 628 352 694 cfr.
375 628 476 694 Blass.
499 647 531 709 p.
555 624 626 693 185.

362 727 599 795 Prodidrthosis
621 728 686 794 iere
707 736 758 794 est
772 729 827 808 VI,
845 729 894 794 82
917 726 997 793 illud
1020 728 1060 794 de
1082 746 1145 810 qno
1167 746 1265 808 supra
1287 726 1351 791 dis·

297 831 503 914 putavimus:
527 826 584 894 ἐοῖν
605 824 682 913 ὑμῖν
704 824 883 917 ἡδομένοις,
906 830 944 910 V,
966 829 1025 905 51,
1048 829 1079 911 8,
1101 830 1181 909 461,
1199 838 1234 908 2,
1264 829 1352 894 simi·

297 934 372 1001 liter
402 935 445 1000 74
466 940 500 999 et
522 934 571 999 75.
622 933 730 998 Etiam
754 933 910 1012 VI‚152,
943 933 1003 997 nisi
1032 932 1092 997 hoc
1121 930 1350 1013 epidiorthosin

299 1036 457 1120 appellari
479 1037 589 1102 mavis.

363 1138 562 1205 Exclamatio
592 1138 689 1206 semel
718 1138 859 1205 occurrit
885 1137 940 1217 VI,
969 1139 1012 1204 40
1044 1129 1071 1202 ὦ
1101 1140 1164 1202 Ζεῦ
1192 1133 1250 1201 καὶ
1277 1132 1353 1201 θεοὶ

300 1237 435 1321 πάντες,
459 1261 519 1308 non
543 1244 575 1308 in
598 1262 643 1308 or.
666 1245 703 1309 V.

366 1346 564 1428 Emphaseos
579 1346 682 1414 simile
697 1347 827 1412 videtur
842 1345 923 1411 illud
939 1346 976 1420 V,
991 1347 1013 1410 4
1028 1340 1090 1428 ἐγώ
1106 1334 1169 1424 οὖν,
1186 1334 1351 1429 ὦδνδρες,

301 1445 479 1538 αἰτήσομαι
501 1444 586 1532 ὑμᾶς
608 1440 664 1529 οδχ
691 1441 778 1534 ἅπερ
807 1443 838 1512 οἳ
868 1445 987 1513 πολλοὶ
1016 1449 1081 1512 τῶν
1110 1440 1354 1532 ἀγωνιζομένων

301 1545 494 1641 ἀκροᾶσθαι
516 1552 611 1640 σφῶν
632 1545 737 1619 αὐτῶν
758 1547 924 1618 αἰτοῦνται
945 1550 1015 1616 κτλ.

729 1829 933 1838 -———

368 2067 459 2147 Quod
471 2068 514 2134 ad
528 2064 770 2149 grammaticam
783 2064 1015 2132 sententiarum
1026 2070 1219 2131 structuram
1232 2065 1355 2143 attinet,

304 2169 456 2237 nonnulla
471 2169 590 2235 addere
605 2168 709 2247 liceat,
723 2169 756 2234 in
772 2167 888 2249 quibus
903 2169 1083 2249 proprietas
1099 2169 1256 2248 quaedam
1268 2167 1356 2232 Anti-

304 2272 433 2353 phontis
455 2271 656 2354 perspicitur.
699 2271 828 2337 Etenim
853 2271 920 2352 Jam
944 2270 1119 2353 Bellingius
1140 2270 1176 2354 (1.
1199 2289 1225 2336 α
1247 2289 1279 2352 p.
1302 2270 1357 2351 26)

306 2379 340 2441 et
361 2373 508 2440 similiter
523 2374 705 2440 Goelkelius
720 2374 765 2456 (p.
782 2374 837 2455 34)
852 2373 1072 2454 observarunt,
1095 2379 1250 2456 quantum
1273 2374 1357 2456 apud

305 2475 535 2559 Antiphontem
566 2477 598 2541 in
632 2476 795 2543 struendis
828 2475 995 2542 sententiis
1029 2495 1129 2559 genus
1161 2475 1242 2541 illud
1275 2477 1357 2558 quod

305 2580 537 2661 paratacticum
559 2585 693 2669 uocatur
720 2579 837 2645 valeat.
880 2578 1027 2664 Namque
1049 2598 1110 2644 non
1139 2578 1240 2644 solum
1263 2598 1359 2645 enun-

306 2683 398 2762 tiata,
427 2682 542 2764 quibus
570 2689 731 2764 tamquam
763 2684 796 2748 in
826 2683 978 2748 struendo
1007 2682 1092 2747 idem
1115 2682 1194 2747 ordo
1216 2680 1359 2759 debetur,

306 2784 378 2867 pari
399 2784 467 2850 loco
487 2790 665 2868 ponuntur,
697 2788 752 2851 sed
784 2804 880 2869 saepe
909 2804 948 2850 ea
977 2802 1116 2868 quoque,
1147 2802 1282 2869 quorum
1304 2803 1360 2866 pro

306 2892 396 2952 recta
417 2887 578 2970 cogitandi
600 2889 724 2953 ratione
746 2907 844 2953 unum
874 2888 969 2954 alteri
998 2887 1189 2970 subjungere
1213 2887 1362 2953 solemus.

307 2991 415 3073 Atque
436 2991 495 3057 hoe
516 3009 615 3074 genus
630 2991 662 3056 in
677 2991 785 3073 prisce
800 2991 856 3056 iila
871 2990 1077 3074 Antiphontis
1093 2991 1217 3056 ratione
1236 2989 1361 3055 dicendi

308 3093 408 3159 multo
430 3094 527 3161 iatius
549 3099 656 3176 patet,
688 3113 783 3176 quam
807 3095 839 3160 in
862 3095 1038 3177 posteriore
1061 3094 1258 3175 eloquentia,
1281 3111 1362 3175 quae

308 3197 485 3263 sententias
507 3199 599 3279 quasi
621 3199 653 3263 in
677 3198 846 3264 circuitum
869 3198 1104 3264 circumducere
1120 3196 1282 3262 studebat.
1315 3196 1363 3260 Ac

309 3300 446 3381 primum
469 3302 595 3383 quidem
619 3301 787 3367 enuntiata
809 3301 958 3380 causalia,
990 3320 1072 3384 quae
1094 3308 1256 3379 vocantur,
1287 3316 1363 3364 uoce

311 3396 368 3465 καί
389 3421 460 3468 eum
483 3405 658 3470 enuntiatis
678 3403 842 3485 primariis
864 3405 1032 3486 conjuncta
1060 3404 1130 3486 pari
1152 3404 1221 3470 loco
1241 3420 1363 3484 ponun-

310 3510 374 3585 tur,
398 3504 486 3570 velut
507 3507 561 3586 VI,
576 3506 617 3571 33
642 3501 784 3593 ἡγοῦμαι
805 3505 867 3590 μὲν
888 3496 944 3570 οὖν
965 3503 1020 3570 καὶ
1042 3502 1079 3570 ἐκ
1101 3505 1167 3570 τῶν
1188 3501 1364 3591 εἰρημένων

310 3603 367 3669 καὶ
395 3598 685 3692 ἀποδεδειγμένων,
714 3602 740 3675 ὦ
763 3604 891 3690 ἄνοδος,
917 3603 1054 3685 δικαίως
1074 3602 1116 3672 ιἰἷν
1137 3633 1201 3692 μου
1224 3600 1363 3693 &nodoq-

312 3702 480 3796 φίσασδαι
513 3710 586 3776 καὶ
618 3707 896 3777 ἐπίστασθαι
929 3707 1093 3790 ἅπαντας,
1131 3730 1189 3794 pre
1224 3708 1364 3776 ἐπιστα-

312 3809 429 3896 μένους
449 3814 500 3879 uel
522 3813 619 3879 simili
642 3815 789 3896 quodam.
826 3816 906 3881 Item
930 3812 996 3880 fere
1019 3832 1053 3881 se
1075 3812 1195 3879 habent
1216 3814 1271 3895 VI,
1288 3815 1364 3892 111,

313 3911 366 3995 25,
388 3914 467 3996 261,
495 3917 575 3999 342,
603 3916 664 3996 48;
694 3916 732 3997 V,
754 3918 813 3998 51,
845 3920 922 3996 122,
952 3918 1033 3996 236,
1063 3918 1132 3984 254
1155 3916 1224 4000 (cfr.
1247 3918 1364 3999 Krueg.

314 4034 444 4103 gramm.
468 4019 570 4104 69,6),
598 4021 686 4100 383,
716 4021 803 4101 702,
834 4023 919 4102 723,
949 4019 1028 4087 762.
1071 4021 1236 4085 Interdum
1258 4026 1365 4087 autem
