3100 4834
719 406 931 475 „32„

299 579 400 644 atur?
438 579 523 656 Quid
545 579 573 645 si
596 580 664 663 ipse
687 587 754 647 turn
778 599 907 647 causam
928 600 1018 648 suam
1041 579 1182 646 obtinere
1204 582 1352 663 despera·

300 683 373 747 vit?
416 681 505 747 Nihil
528 701 604 748 sane
627 683 788 766 antiquius
817 684 976 764 hahebat,
1007 702 1101 767 quam
1133 690 1167 755 ut
1197 684 1351 750 actionem

299 784 467 867 peculatus
495 786 789 866 procrastinandam
825 795 960 852 curaret.
1014 787 1104 865 Quod
1138 786 1164 850 si
1197 784 1352 868 effecerat,

299 886 507 953 hauddubie
531 887 593 953 tale
616 890 693 969 quid
716 889 861 955 accidere
883 895 1027 972 poterat,
1058 894 1095 955 ut
1124 908 1195 955 cum
1218 889 1353 970 chorago

301 990 428 1072 litigare
446 992 511 1072 jam
535 1010 596 1056 non
620 1010 699 1073 opus
721 1003 814 1058 esset.
859 993 907 1057 Ea
930 993 970 1059 de
992 1011 1088 1058 causa
1119 994 1265 1074 equidem
1292 1010 1351 1055 non

301 1094 400 1159 miror
414 1093 627 1160 Philocratem
650 1116 670 1161 a
692 1095 917 1161 thesmothetis
931 1096 1092 1178 petivisse,
1115 1102 1151 1161 ut
1168 1095 1216 1162 vel
1232 1094 1353 1177 injussu

300 1197 386 1279 regis
409 1197 566 1265 actionem
588 1198 871 1280 procrastinarent.
916 1200 1009 1279 Quod
1040 1198 1094 1265 ubi
1122 1199 1162 1264 iis
1192 1216 1252 1262 non
1281 1216 1353 1278 per-

302 1300 414 1380 suasit,
446 1306 514 1366 tum
537 1302 664 1366 demum
687 1300 828 1366 libellum
851 1303 1083 1368 accusatorium
1106 1302 1148 1366 ad
1171 1321 1277 1383 regem
1299 1302 1354 1365 de·

301 1400 385 1467 ferre
408 1421 536 1469 necesse
564 1402 634 1469 fuit.
658 1442 697 1449 -
721 1403 845 1470 Deinde
867 1406 1063 1487 Wagenerus
1095 1403 1230 1471 conlatis
1251 1401 1356 1468 verbis

302 1506 320 1586 ξ
352 1506 410 1571 23:
449 1502 701 1592 προυκαλούμην
717 1490 830 1570 ἀὐτὸν
858 1498 958 1583 adduc
990 1501 1064 1571 coca
1097 1505 1154 1572 καὶ
1187 1496 1286 1582 αὖθις
1316 1506 1355 1590 τῇ

301 1602 457 1693 ὑστεραίᾳ
487 1604 521 1671 ἐν
552 1611 624 1686 τοῖς
652 1601 764 1685 αὐτοῖς
794 1607 969 1685 δικασταῖς
998 1630 1068 1675 cum
1098 1611 1136 1692 ἓξ
1159 1610 1200 1674 37
1231 1615 1264 1674 et
1293 1608 1354 1673 38:

305 1705 477 1797 πρόθυμοι
508 1700 590 1798 ἦσαν
619 1703 879 1796 ἀπογράφεσθαί
904 1734 945 1795 με
974 1703 1074 1790 εὐθὺς
1098 1715 1137 1800 τῇ
1158 1702 1356 1797 ὕστεραίᾳῇ

304 1808 322 1878 ὁ
346 1815 430 1890 παῖς
452 1809 622 1878 ἐθάπτετο
646 1851 684 1859 -
709 1811 824 1902 ἐπειδὴ
853 1811 889 1878 δὲ
920 1809 1033 1890 cicula
1063 1810 1081 1878 ὁ
1102 1813 1259 1897 βασιλεῦς
1280 1810 1357 1889 τοὺς

303 1911 422 1999 νόμους
445 1907 565 1998 ἀνέγνω
587 1915 669 1995 ael,
692 1919 777 1998 quod
792 1916 990 1983 Philocrates
1006 1919 1116 1984 eodem
1132 1919 1183 1985 die
1199 1926 1231 1984 et
1249 1935 1356 1982 coram

306 2019 534 2085 thesmothetis
556 2027 589 2084 et
612 2038 718 2086 coram
743 2040 816 2103 rege
842 2026 1041 2103 compareat,
1070 2022 1225 2103 suspicari
1254 2040 1288 2085 se
1309 2020 1357 2084 ait

302 2125 463 2188 auctorem
495 2122 645 2187 orationis
675 2141 781 2204 regem
815 2123 1102 2188 thesmothetarum
1134 2124 1265 2206 collegio
1298 2123 1357 2187 ad-

303 2242 506 2305 numerasse,
536 2229 753 2305 memoratque
784 2224 885 2290 multo
916 2226 1091 2292 recentiore
1120 2235 1227 2292 aetate
1249 2244 1357 2292 omnes

303 2327 397 2392 simul
431 2326 598 2391 archontes
631 2326 872 2393 Atheniensium
911 2329 1143 2395 thesmothetas
1179 2328 1357 2412 appellatos

296 2448 381 2496 esse.
413 2430 565 2494 Attamen
582 2449 683 2512 neque
697 2428 912 2495 Philocratem
928 2432 960 2496 iu
976 2433 1080 2497 altera
1101 2433 1157 2497 illa
1179 2427 1358 2519 προκλήσει

304 2531 445 2598 adfuisse
467 2550 592 2598 neeesse
615 2538 674 2613 est,
697 2551 799 2614 neque
821 2534 847 2597 si
871 2532 984 2614 adfuit,
1007 2537 1154 2616 equidem
1176 2537 1279 2615 video,
1301 2554 1358 2600 cur

304 2642 413 2701 orator
436 2654 508 2701 eum
530 2652 550 2699 a
572 2634 798 2701 thesmothetis
828 2637 867 2701 ad
902 2656 1008 2719 regem
1034 2656 1069 2704 se
1092 2639 1261 2704 contulisse
1283 2657 1359 2720 pro·

306 2737 387 2820 priis
408 2736 517 2803 verbis
539 2755 687 2802 enarrare
710 2738 866 2804 debuerit.

372 2841 472 2906 Miror
502 2859 578 2906 sane
608 2859 666 2922 ego
694 2860 820 2924 quoque
848 2843 931 2907 sicut
954 2843 1165 2927 Wagenerm,
1203 2844 1360 2925 quomodo

308 2941 427 3008 factum
446 2943 498 3024 sit,
521 2949 557 3008 ut
572 2942 713 3008 Aristion
730 2949 763 3007 et
778 2942 922 3010 Philinus
937 2947 1097 3027 ceterique
1118 2945 1221 3012 trihus
1236 2951 1359 3029 postre-

304 3045 365 3110 mis
403 3047 477 3112 anui
512 3045 673 3112 mensibus
704 3064 818 3112 causas
848 3046 1001 3128 capitales
1032 3048 1149 3114 deferri
1180 3067 1240 3113 non
1266 3066 1360 3130 posse

307 3149 501 3230 ignorarent.
545 3149 745 3231 Quamquam
777 3168 873 3232 quum
903 3150 999 3218 iidem
1023 3152 1121 3217 etiam
1145 3157 1239 3218 antea
1262 3150 1359 3216 simili
1446 3210 1449 3214 a

305 3251 399 3316 modo
419 3251 574 3333 Judioium
598 3251 737 3334 effugere
758 3252 864 3318 conati
886 3255 949 3319 sint
972 3253 1043 3335 (etr.
1065 3255 1166 3336 536),
1188 3259 1360 3337 propterea

307 3373 361 3421 eos
391 3374 496 3419 rerum
525 3353 723 3436 judicialium
753 3355 962 3436 peritissimos
986 3357 1099 3438 fuisse,
1128 3360 1211 3440 quod
1235 3360 1284 3426 uir
1304 3357 1359 3424 ille

229 3446 232 3453 ’
307 3458 421 3522 doctus
444 3456 527 3538 uult,
559 3456 657 3524 conici
681 3475 741 3522 non
766 3475 892 3523 necesse
914 3465 972 3524 est.
1016 3459 1127 3543 Neque
1149 3462 1179 3526 ei
1201 3460 1360 3528 assentior

307 3558 442 3625 scribam
475 3559 774 3640 thesmothetarum,
813 3560 867 3643 qui
898 3580 979 3627 unus
1009 3582 1048 3627 ex
1076 3562 1116 3627 iis
1139 3574 1226 3644 erat,
1260 3565 1359 3629 etiam

307 3662 409 3743 magis
431 3679 526 3742 quam
550 3668 670 3729 ceteros
693 3664 734 3728 de
755 3662 819 3727 illis
837 3662 932 3729 rebus
951 3664 1097 3730 edoctum
1115 3684 1185 3732 esse
1200 3660 1360 3749 debuisse,

307 3782 389 3845 quae
412 3764 453 3829 ad
475 3765 658 3831 archontem
682 3784 788 3848 regem
810 3766 1014 3849 pertinerent.

371 3866 524 3932 Venimus
552 3869 594 3933 ad
623 3886 660 3933 ea
689 3886 771 3950 quae
799 3869 992 3952 Wageuerus
1021 3872 1052 3937 iu
1082 3872 1100 3953 ξ
1129 3873 1172 3936 45
1200 3874 1360 3940 offendere

308 3968 403 4033 dicit:
427 3969 521 4050 „Puis
535 3970 684 4037 viennent
700 3973 757 4036 des
774 3972 965 4039 indicatione
987 3975 1258 4059 topographiques
1281 3977 1361 4043 dont

307 4069 497 4156 l’Artopage
518 4074 651 4155 pouvait
671 4073 736 4140 fort
757 4074 830 4141 bien
853 4093 887 4141 se
908 4094 1031 4161 passer,
1054 4086 1086 4143 et
1108 4078 1172 4161 qui,
1200 4075 1362 4160 lorsqu'on
