3100 4834
766 384 981 457 ,66-

349 566 401 628 est
417 560 456 640 V,
477 561 518 628 47
531 569 560 643 4,
582 559 729 627 similiter
748 561 863 641 V,41,
885 561 946 628 nisi
967 561 1028 627 hoe
1051 559 1121 627 loeo
1143 578 1216 627 oum
1238 559 1404 627 Goelkelio

349 664 429 729 illud
452 655 643 750 ἀκροᾶσθαι
665 665 759 749 σφῶν
787 656 894 729 αὐτῶν
923 663 1129 746 parenthesin
1160 663 1320 746 appellari
1343 664 1407 743 vis3

350 766 406 833 eir.
430 765 549 848 Krueg.
572 784 706 849 gramm
728 766 781 848 51,
799 768 839 834 12
861 768 934 833 adn.
976 766 1085 832 Etiam
1099 765 1138 845 V,
1155 767 1222 831 175
1246 766 1279 832 in
1303 766 1409 832 verbis

350 866 396 956 μὴ
417 860 583 956 ὠφελῆσαι
605 867 674 932 κτλ.
697 867 764 936 fere
787 887 996 953 epexegeseos
1017 869 1066 934 vis
1088 869 1180 934 inest
1214 905 1250 914 -
1283 868 1409 951 Epexe·

351 971 474 1053 genium
495 972 658 1055 participii
688 972 791 1039 forma
814 972 1091 1055 pronuntiatarum
1114 989 1171 1038 eae
1193 961 1275 1054 quae
1297 972 1408 1054 legun·

352 1080 406 1140 tur
427 1072 483 1156 VI,
503 1077 546 1142 48
568 1081 601 1142 et
623 1074 662 1156 V,
676 1077 746 1142 303
770 1075 850 1141 nihil
873 1075 1018 1141 inusitati
1041 1074 1170 1140 habent.
1208 1077 1254 1140 At
1268 1073 1325 1157 VI,
1339 1075 1405 1142 281

352 1185 386 1243 et
407 1177 447 1245 31
471 1196 530 1260 pro
551 1179 711 1245 communi
733 1179 860 1246 dicendi
885 1179 1009 1245 ratione
1031 1176 1221 1244 infinitivum
1242 1182 1409 1260 exspecta·

353 1281 446 1347 veris.
480 1282 533 1348 Ad
556 1282 610 1361 Vl,
632 1283 700 1351 281
726 1282 909 1349 Goelkelius
930 1284 1065 1348 adnotat
1086 1282 1182 1347 haee:
1205 1281 1301 1361 „Man
1325 1280 1410 1347 sieht

352 1383 429 1450 aber
452 1384 543 1465 wohl,
567 1404 621 1451 um
643 1385 701 1451 wie
715 1387 779 1452 viel
794 1385 1073 1453 ausdruoksvoller
1088 1385 1151 1451 und
1168 1384 1409 1451 ansohaulioher

353 1485 405 1552 die
436 1487 530 1552 Wahl
561 1487 618 1552 des
648 1485 875 1571 Partieipinms
905 1490 966 1568 ist3
1007 1505 1041 1554 es
1070 1488 1149 1553 wird
1181 1507 1253 1553 zum
1287 1486 1410 1553 Beweis

353 1590 443 1655 nicht
465 1589 704 1673 herangenogen
727 1590 798 1656 eine
820 1590 1012 1673 Hsndlung‚
1042 1590 1178 1655 sondern
1201 1591 1254 1655 die
1275 1588 1411 1655 leiblral·

354 1692 442 1773 tigen
459 1692 581 1772 Trdger
604 1692 802 1759 oerseloonr‘
836 1693 984 1760 Ceterum
1006 1693 1104 1757 etiam
1128 1692 1207 1758 haec
1228 1692 1410 1774 epexegesis
1539 1752 1540 1763 ,

238 1834 242 1843 ·
354 1792 472 1876 repetit
494 1801 592 1878 atque
614 1800 716 1878 urget.
752 1796 860 1877 Atque
882 1795 967 1877 quod
989 1795 1038 1860 vir
1060 1795 1175 1860 doetus
1197 1794 1257 1859 hoo
1278 1793 1349 1859 loco
1370 1795 1410 1860 de
1539 1856 1540 1877 ,

354 1898 386 1963 vi
408 1897 573 1979 participii
596 1897 699 1978 docet,
721 1917 783 1964 non
799 1898 904 1964 minus
919 1899 1079 1978 quadrare
1094 1897 1222 1963 videtur
1240 1897 1273 1962 in
1288 1895 1344 1977 Vl,
1359 1897 1408 1962 31.

355 1999 509 2066 Similiter
530 1998 569 2080 V,
593 2000 662 2066 671
686 2019 745 2082 pro
767 1995 962 2085 εὑρεθέντας
984 2008 1044 2067 ete
1067 1997 1259 2066 infinitivum
1282 2017 1410 2080 exspec-

355 2102 475 2170 taveris
496 2102 563 2168 sive
585 2120 657 2169 eum
680 2105 747 2170 sive
769 2104 838 2170 sine
867 2105 962 2171 verbo
991 2096 1094 2183 ὥστε,·
1124 2103 1185 2169 hoe
1214 2102 1314 2185 igitur
1342 2102 1410 2168 loeo

355 2205 540 2288 epexegesis
563 2224 600 2272 eo
622 2204 677 2287 fit,
706 2208 791 2288 quod
814 2206 987 2273 seeundum
1010 2206 1186 2272 membrum
1210 2223 1270 2269 non
1292 2205 1411 2287 pendet

357 2329 395 2375 ex
416 2301 558 2392 γεγονός,
580 2309 636 2374 sed
660 2328 699 2374 ex
722 2304 915 2394 ἐπίσταμαι.
959 2308 1013 2390 Vl,
1028 2310 1098 2374 46⁵
1122 2308 1221 2375 verba
1242 2300 1299 2387 οὐχ
1318 2301 1410 2395 ἡγού-

355 2432 458 2496 μενοι,
489 2417 526 2477 ut
548 2410 658 2477 multis
680 2411 753 2478 aliis
775 2411 852 2480 loeis
873 2411 928 2495 fit,
955 2429 1096 2493 eaquae
1119 2411 1332 2492 antecedunt,
1362 2429 1411 2475 re·
1530 2434 1536 2445 ·

355 2519 471 2597 petunt
492 2518 526 2579 et
548 2522 673 2598 urgent.
716 2514 926 2598 Partieipium
954 2514 1033 2582 illud
1064 2520 1115 2581 est
1136 2513 1320 2597 epexegesis
1342 2531 1413 2577 ver·

356 2617 469 2682 borum
490 2610 606 2682 τούτου
627 2609 725 2684 αὐτοῦ
748 2612 852 2698 ἕνεκα,
880 2636 1073 2702 quamquam
1096 2618 1176 2683 haec
1199 2616 1297 2683 verba
1318 2615 1413 2683 simul

356 2718 398 2783 ad
421 2718 561 2799 primum
585 2721 762 2787 membrum
785 2722 941 2807 (συνῆσαν
961 2719 1046 2803 κτλ.)
1076 2718 1244 2787 referenda
1266 2737 1335 2784 esse
1357 2737 1411 2800 ap·

356 2828 457 2903 paret.
497 2820 627 2887 Etenim
649 2823 806 2906 ejusmodi
828 2823 986 2904 duplicem
1009 2821 1204 2906 pronominis
1227 2821 1413 2888 relationem

357 2929 391 2989 et
412 2924 455 2989 ad
478 2942 516 2990 ea
539 2942 620 3007 quae
635 2932 813 3008 sequnntur
830 2931 863 2992 et
878 2944 961 3008 quae
975 2926 1179 3007 antecedunt,
1202 2942 1263 2990 non
1278 2924 1414 2990 alienam

358 3042 428 3091 esse
451 3025 491 3091 ab
514 3027 723 3110 Antiphontis
745 3045 806 3092 usu
827 3027 916 3093 haud
939 3027 1035 3094 dubie
1057 3028 1258 3094 demonstrat
1280 3025 1319 3108 V,
1336 3026 1377 3091 47
1387 3031 1415 3104 4,

358 3128 413 3193 ubi
428 3145 489 3192 vox
511 3122 538 3207 ὅ,
561 3146 643 3209 quae
658 3129 701 3195 ad
716 3129 939 3195 antecedentia
957 3129 1104 3208 refertur,
1126 3129 1220 3195 simul
1236 3129 1415 3210 explicatur

359 3229 567 3312 appositione.
611 3231 694 3297 Item
716 3230 872 3297 sehabet
894 3231 933 3311 V,
965 3232 1034 3298 103
1058 3222 1109 3316 (οἱ
1133 3268 1176 3279 -
1201 3228 1360 3296 ἐνταυθοῖ
1375 3265 1415 3279 -

360 3326 447 3416 dorp}
463 3322 586 3418 ἀγορᾷ).
610 3330 730 3398 Eadem
747 3334 865 3416 duplex
880 3333 995 3400 relatio
1011 3342 1060 3400 est
1074 3333 1132 3416 Vl,
1148 3333 1193 3399 61
1213 3334 1270 3419 (=
1281 3334 1320 3414 V,
1331 3334 1373 3400 88
1385 3335 1415 3416 1)

361 3430 530 3498 verborum
552 3425 656 3499 αὐτῶν
678 3433 716 3500 δὲ
738 3430 862 3500 τούτων
884 3430 986 3518 ἕνεκα,
1020 3443 1054 3502 et
1075 3437 1132 3518 VI,
1155 3438 1223 3504 281
1251 3437 1417 3503 verborum

361 3529 476 3598 πίστιν
498 3530 624 3622 ταύτην.
660 3539 845 3606 Goelkelius
867 3539 926 3605 hoe
945 3540 1011 3621 jam
1035 3540 1218 3620 suspicatus
1234 3546 1285 3606 est
1300 3539 1347 3624 (p.
1361 3539 1417 3621 42)

362 3637 401 3702 de
424 3635 462 3719 V,
485 3638 522 3704 3:
553 3636 603 3704 bei
626 3640 700 3706 Ant.
722 3642 761 3722 V,
785 3642 806 3708 3
828 3641 952 3708 seheint
980 3641 1048 3709 sich
1079 3643 1138 3709 das
1161 3642 1337 3709 Pronomen
1364 3663 1418 3708 zu·

361 3738 464 3822 gleieh
487 3739 544 3805 aul
564 3743 626 3808 den
641 3744 924 3828 vorhergehenden
940 3745 1018 3811 Sata
1033 3747 1100 3811 und
1115 3745 1172 3811 ani
1189 3745 1248 3810 das
1271 3744 1418 3828 folgende

363 3837 451 3906 διότι
472 3864 512 3910 zu
534 3844 703 3927 beziehen,
737 3848 799 3911 und
832 3866 916 3913 zuar
945 3847 977 3913 in
1008 3848 1066 3914 der
1088 3862 1232 3932 genauen
1255 3847 1307 3914 bei
1328 3846 1417 3914 Anti·

364 3942 449 4024 phon
471 3946 643 4014 besonders
666 3948 824 4015 beliebten
841 3950 1086 4032 Oomesponsion
1110 3953 1169 4018 mit
1191 3952 1264 4017 dem
1286 3950 1417 4019 vorher·

363 4044 525 4131 gehenden
558 4049 650 4133 Sata,
684 4070 730 4117 wo
762 4042 876 4130 αὐτοῖς
903 4048 1033 4131 sedeone
1061 4054 1152 4120 nieht
1181 4073 1241 4120 nur
1274 4053 1332 4120 ani
1362 4055 1416 4123 das
