3100 4834
728 324 938 393 ..50-

309 493 427 585 ἑφεξῆς
448 496 537 562 κτλ.“
580 500 733 564 Attamen
763 518 860 582 quum
889 499 1008 565 Midiae
1036 519 1114 583 erga
1135 499 1358 567 Aristarchum

310 601 452 666 amicitia
473 598 548 667 ficta
570 602 623 680 sit,
646 619 706 667 non
729 602 860 683 perinde
875 602 1067 668 Philocratis
1081 623 1159 685 erga
1175 604 1358 685 choragum.

309 702 371 770 Ubi
394 704 478 769 enim
500 702 555 768 illo
576 702 777 770 familiariter
797 722 874 770 usus
889 712 948 784 est,
970 707 1107 770 nondum
1123 725 1195 771 eum
1211 724 1360 772 accusare

309 808 342 872 in
365 808 503 873 animum
526 806 711 887 induxerat,
743 825 844 889 neque
865 814 939 890 post
960 807 1247 887 reconciliationem
1270 827 1359 873 reum

308 911 414 977 facere
437 909 607 990 choragum
623 909 734 990 voluit,
756 910 855 976 donec
869 929 890 975 a
902 911 1018 993 poletis
1034 920 1067 977 et
1081 911 1211 994 poristis
1226 912 1360 994 pecunia

310 1018 480 1096 corruptus
501 1019 559 1080 est.
583 1048 622 1059 —
646 1014 665 1095 ἓ
687 1011 730 1078 45
751 1020 786 1079 et
807 1014 1018 1096 all'agenero
1040 1022 1073 1079 et
1088 1014 1265 1080 Hartmano
1287 1033 1360 1081 con·
1487 1036 1494 1064 ·

310 1115 414 1181 fertur
435 1134 506 1181 cum
527 1116 617 1181 Dem.
640 1116 717 1183 Mid.
739 1136 771 1199 p.
793 1116 856 1183 551
880 1123 961 1181 extr.
985 1118 1106 1183 verbis:
1141 1110 1224 1180 odra
1252 1112 1360 1181 τοίνυν

311 1207 407 1296 οὗτός
428 1216 519 1284 ἐστιν
539 1211 661 1306 ἀσεβὴς
683 1212 865 1302 ἅνθρωπος
885 1218 966 1299 κτλ.,
997 1220 1038 1286 ab
1068 1220 1124 1285 illo
1151 1221 1279 1302 quidem
1302 1221 1359 1299 ita,

310 1331 348 1389 nt
370 1324 389 1407 ξ
410 1324 454 1391 45
481 1324 598 1389 malam
627 1321 905 1404 amplificationem
936 1324 995 1389 loci
1025 1323 1259 1391 Demosthenici
1289 1341 1360 1388 esse

311 1428 407 1495 dicat.
451 1428 513 1494 Sed
535 1427 619 1510 quod
651 1427 769 1492 attinet
800 1427 842 1491 ad
873 1428 978 1509 ipsum
1007 1435 1245 1509 argumentum,
1274 1429 1360 1508 quod

311 1537 474 1614 sumptum
496 1536 547 1595 est
575 1550 614 1596 ex
636 1536 854 1596 accusatorum
885 1529 1028 1610 silentio,
1055 1548 1152 1612 quum
1183 1532 1261 1595 item
1291 1549 1361 1596 sese

312 1634 430 1700 habeat
451 1643 485 1699 et
507 1634 602 1714 huJus
623 1632 777 1698 orationis
799 1634 818 1716 ξ
840 1634 860 1698 9
883 1639 916 1699 et
937 1633 975 1699 V.
999 1634 1018 1715 ξ
1036 1636 1087 1712 61,
1110 1633 1205 1698 ctiam
1229 1634 1282 1698 hic
1303 1635 1360 1698 ad-

311 1738 500 1803 monendum
529 1737 691 1819 estquod
721 1734 818 1818 supra
849 1737 889 1802 de
920 1738 939 1818 ἓ
966 1738 987 1804 9
1016 1743 1126 1803 contra
1149 1737 1360 1819 Wageuerum

311 1840 456 1906 diximus.
478 1839 675 1922 Quamquam
692 1840 751 1905 hoc
765 1840 835 1906 loco
849 1841 982 1920 accedit,
993 1841 1077 1920 quod
1088 1848 1121 1904 et
1132 1840 1361 1906 Demosthenes

311 1952 344 2012 et
366 1944 522 2025 choragus
544 1943 585 2008 ab
608 1943 848 2009 accusatoribus
869 1961 930 2008 non
954 1943 1101 2026 impediti
1121 1942 1248 2023 publice
1270 1962 1361 2010 sacra

309 2048 472 2129 fecerunt,
501 2064 599 2128 quum
621 2054 784 2113 senatores
806 2053 921 2112 essent.
964 2047 1107 2129 Uterque
1137 2053 1243 2112 autem
1275 2048 1360 2129 quod

310 2151 469 2233 senatorio
484 2169 614 2216 munere
629 2148 757 2215 functus
771 2158 831 2229 est,
858 2149 938 2214 mihi
954 2150 1082 2230 quidem
1094 2150 1135 2214 ad
1149 2150 1360 2231 suspicionem

311 2273 372 2318 non
395 2252 496 2334 magis
528 2250 646 2317 sufficit
680 2270 774 2333 quam
804 2252 903 2318 verba
933 2247 1114 2339 ieponotriv
1143 2260 1175 2317 et
1204 2247 1297 2316 acen
1328 2260 1360 2319 et

309 2352 394 2439 ὑπὲρ
417 2357 478 2443 τῆς
504 2349 650 2435 πόλεως,
686 2374 767 2439 quae
797 2364 932 2438 utroque
961 2355 1030 2421 loco
1061 2356 1220 2439 leguntur.
1267 2355 1360 2433 Quod

310 2462 352 2525 ad
384 2458 593 2525 elocutionem
632 2460 767 2540 attinet,
804 2459 977 2541 plurimum
1008 2459 1093 2524 inter
1123 2477 1177 2524 eos
1208 2458 1360 2525 interesse

310 2567 453 2646 apparet.

734 2807 869 2814 .-.--,

631 3011 674 3087 V.
715 3012 771 3084 Ile
797 3012 1025 3086 elocutione.

374 3182 447 3246 Jam
469 3181 610 3248 venienti
633 3181 712 3246 mihi
734 3181 774 3246 ad
797 3179 1014 3261 elocutionem,
1037 3182 1141 3262 qualis
1163 3181 1194 3245 in
1216 3180 1360 3247 oratione

313 3283 366 3349 VI.
389 3284 432 3350 sit
454 3291 488 3350 et
517 3284 674 3367 quomodo
704 3301 775 3350 cum
807 3285 949 3350 oratione
972 3283 1009 3348 V.
1032 3283 1082 3350 rel
1111 3284 1277 3350 conveniat
1308 3284 1359 3352 vel

309 3387 359 3451 ah
372 3405 411 3451 ea
434 3387 579 3465 recedat,
610 3405 670 3451 non
701 3385 903 3469 profuturum
934 3404 1004 3452 esse
1033 3387 1160 3453 videtur
1186 3386 1358 3453 multarum

308 3508 415 3554 rerum
447 3508 527 3571 quae
558 3489 600 3553 ad
629 3508 699 3554 eam
729 3493 876 3571 spectent
905 3488 1018 3554 molem
1054 3490 1158 3555 obiter
1189 3490 1359 3572 attingere,

308 3610 370 3655 uno
407 3591 548 3656 alterove
584 3592 727 3674 exemplo
764 3592 890 3674 singula
926 3591 1098 3656 illustrare.
1149 3591 1259 3673 Neque
1297 3609 1359 3655 uuo

308 3693 489 3777 hujusmodi
512 3693 619 3760 libello
641 3695 808 3777 quisquam
838 3700 946 3777 potest
976 3699 1025 3758 tot
1056 3713 1106 3761 res
1128 3695 1175 3759 ita
1199 3694 1359 3776 amplecti,

308 3803 344 3862 ut
374 3798 413 3862 dc
444 3817 507 3863 nna
537 3815 662 3878 quaque
690 3797 871 3863 accuratius
901 3796 1055 3878 disputet.
1099 3797 1160 3863 Sed
1189 3795 1358 3879 inquibus

308 3900 516 3982 Antiphontis
538 3900 716 3983 proprietas
739 3900 865 3966 dicendi
888 3901 1087 3981 potissimum
1109 3899 1230 3965 versari
1249 3899 1358 3965 videa·

308 4009 375 4089 tur,
403 4004 464 4069 riri
487 4004 573 4069 docti
595 4008 628 4069 ct
658 4004 738 4070 satis
768 4003 991 4083 ostenderunt,
1030 4009 1063 4067 et
1093 4002 1219 4084 singula
1241 4000 1358 4069 libellis
