3100 4834
585 382 799 449 ,33-

169 552 215 618 les
240 571 386 635 compare
408 571 486 620 avec
508 553 554 619 les
577 553 794 639 temoignages
816 554 873 621 des
894 560 1025 620 auteurs
1047 557 1080 618 et
1094 554 1151 618 des
1174 553 1223 618 in·

168 656 348 738 scriptions,
365 675 404 722 ne
421 657 600 739 paraissent
615 675 674 738 pas
685 657 787 723 mdme
798 658 1070 740 rigonreusement
1085 664 1220 724 exactus

167 758 257 824 Nous
286 761 506 839 connaissons,
541 778 578 823 en
609 759 699 836 edet,
737 756 819 837 Ζεὺς
848 760 1031 840 Βουλαῖος,
1060 753 1223 842 ’Ἀρτεμις

169 856 316 926 Βουλαία
339 860 387 946 (C.
403 862 427 926 Ι.
444 862 499 927 Gr.
523 882 552 929 n.
577 863 664 947 113),
700 859 804 946 Θέμις
827 858 984 945 Boudaia,
1001 857 1112 928 Ἑστία
1134 865 1220 926 Βου-

167 958 261 1044 laio,
292 964 373 1029 mais
402 965 487 1029 nulle
519 970 595 1047 part
622 965 644 1029 il
676 963 756 1029 u’est
785 963 846 1030 fait
875 966 1013 1031 mention
1041 966 1071 1029 d’
1090 956 1221 1050 Ἀθηνᾶ

167 1062 348 1132 Βουλαία.“
392 1069 542 1131 Attamen
565 1066 626 1131 hoc
647 1066 713 1133 tale
736 1068 891 1150 estquod
923 1085 983 1132 non
1014 1068 1222 1145 demonstret,

167 1176 330 1236 auctorem
363 1169 516 1235 orationis
553 1170 665 1234 barum
703 1188 810 1234 rerum
847 1170 980 1236 inscium
1013 1169 1129 1251 fuisse,
1166 1170 1221 1235 sed

166 1273 400 1355 nosmetipsos
422 1289 491 1337 esse
513 1291 574 1337 non
598 1272 677 1337 satis
699 1273 839 1351 edoctos,
868 1273 957 1337 utin
980 1272 1063 1339 hanc
1085 1292 1151 1337 rem
1174 1273 1222 1337 in·

166 1375 294 1457 quirere
316 1376 482 1456 possimus.
526 1373 630 1440 Ceteri
652 1393 777 1456 quoque
799 1374 846 1440 illi
868 1373 1019 1456 βουλαῖοι
1045 1374 1089 1439 dii
1124 1375 1222 1440 raris·

166 1479 246 1543 sime
271 1482 566 1543 commemorantur.
602 1465 708 1559 Atque
722 1475 802 1541 mihi
818 1478 945 1558 quidem
968 1478 1000 1542 in
1024 1479 1111 1543 ouria
1133 1496 1221 1543 aram

166 1580 331 1645 Minervae
353 1578 450 1645 luisse
474 1580 556 1644 sicut
585 1579 710 1643 illorum
733 1581 863 1645 deorum
886 1581 967 1645 satis
988 1580 1154 1662 probabile
1176 1581 1221 1645 vi-

165 1683 273 1764 detur,
300 1683 456 1764 ‚quoniam
480 1682 722 1747 Atheniensium
752 1701 804 1747 res
834 1682 963 1764 publica
984 1682 1139 1764 singulari
1162 1682 1221 1748 Mi-

165 1804 285 1852 nervae
308 1785 412 1849 tutela
433 1803 471 1849 ae
486 1785 646 1867 praesidio
662 1785 821 1861 utebatur,
845 1792 878 1850 et
893 1803 1017 1850 summa
1032 1786 1221 1866 prudentiae

166 1888 354 1971 consiliique
371 1887 445 1954 huic
461 1888 540 1953 deae
562 1887 675 1954 inerat.
697 1924 738 1936 —
761 1888 884 1953 Deinde
899 1888 948 1952 vir
963 1889 1092 1953 doctus:
1115 1887 1222 1970 „Nous

165 1991 379 2074 apprenons“,
401 1989 516 2073 inquit,
548 1990 695 2072 „ensuite
722 2009 783 2073 quc
804 1990 835 2056 le
858 1989 957 2056 Sdnat
978 2009 1013 2057 se
1034 1991 1162 2055 rendait
1183 2008 1221 2055 en

165 2111 264 2176 corps
285 2094 364 2159 dans
387 2098 460 2158 tous
482 2093 529 2158 les
552 2094 687 2174 temples
711 2087 773 2177 (εἰς
788 2081 892 2157 τᾶλλα
907 2086 977 2180 ἱερὰ
992 2086 1126 2177 πάντα),
1148 2092 1220 2159 bien

165 2195 324 2280 qu’aucun
353 2202 467 2262 auteur
497 2196 607 2262 ancien
637 2216 675 2261 ne
706 2214 786 2261 nous
813 2196 881 2261 dise
911 2195 1047 2279 quelque
1074 2195 1168 2261 chose
1190 2194 1221 2259 d’

165 2299 378 2382 approchant,
407 2307 442 2364 et
463 2318 524 2382 qne
546 2299 575 2364 le
598 2298 658 2365 iait
680 2318 718 2365 en
741 2298 904 2365 lui-meme
932 2300 995 2365 soit
1016 2297 1082 2364 fort
1103 2300 1219 2381 impro-

165 2402 291 2469 bable.“
326 2403 395 2468 Hoc
417 2419 542 2485 quoque
564 2403 632 2468 loco
654 2404 737 2484 quod
761 2401 895 2467 aliorum
918 2403 1109 2485 scriptorum
1131 2400 1221 2467 testi·

166 2507 283 2571 moniis
305 2506 453 2571 destituti
486 2523 595 2571 sumus
625 2504 690 2571 fere
721 2506 799 2570 nihil
829 2506 954 2587 probat.
998 2507 1160 2584 Attamen,
1192 2504 1220 2569 si

165 2609 352 2676 accuratius
368 2609 590 2690 interpretaris
604 2608 702 2674 rerba
718 2602 872 2693 (ὁρῶντες
886 2607 916 2673 d’
928 2604 987 2692 ἐμὲ
1002 2657 1010 2672 .
1025 2658 1053 2674 ..
1068 2601 1219 2674 ,εἰσιόντ’

165 2707 212 2789 εἰς
241 2708 281 2775 τὸ
311 2706 539 2797 βουλευτήριον
570 2759 610 2776 ..
637 2760 675 2776 ..
706 2709 764 2776 καὶ
793 2706 841 2788 εἰς
871 2702 975 2776 τᾶλλα
1009 2707 1079 2798 ἱερὰ
1109 2705 1218 2774 πάντα

167 2811 281 2881 εἰσιών
302 2811 384 2898 μετὰ
406 2816 463 2902 τῆς
484 2814 626 2901 βουλῆς),
648 2834 722 2881 reus
738 2834 798 2881 non
815 2822 959 2879 senatum
975 2814 1080 2879 omnia
1096 2814 1217 2895 templa

165 2938 249 3001 quae
272 2919 407 2984 Athenis
430 2924 537 2983 essent
558 2918 677 2984 adiisse
699 2919 793 2995 dicit,
823 2918 880 2984 sed
908 2936 942 2983 se
962 2917 1067 2982 omnia
1089 2917 1217 2998 adiisse,
1289 2964 1293 2972 .

165 3022 197 3088 iu
221 3040 305 3105 quae
326 3024 456 3085 senatus
478 3037 512 3084 se
534 3020 713 3086 contulerit

230 3122 448 3206 Reprehendit
462 3122 599 3205 denique
612 3123 807 3205 Wagenerus
822 3124 907 3206 quod
923 3129 1100 3203 accusatae,
1120 3141 1216 3204 quum

166 3245 200 3293 se
222 3228 255 3294 in
275 3224 415 3308 acropoli
430 3225 605 3291 Philocrati
620 3225 857 3291 reconciliatum
873 3243 942 3289 esse
957 3225 1052 3307 dieat,
1076 3224 1217 3290 libellum

167 3348 227 3395 non
251 3329 412 3411 proferat,
442 3347 504 3410 quo
526 3328 559 3393 id
580 3327 682 3411 magis
711 3326 882 3394 confirmet.
925 3328 975 3394 Ex
997 3327 1218 3394 Demosthenis

167 3434 250 3499 enim
281 3452 338 3515 pro
361 3431 487 3497 Phorm.
510 3432 652 3497 oratioue
678 3432 730 3515 (ἓξ
754 3431 895 3515 15-17)
925 3450 1081 3513 apparere
1109 3432 1157 3496 ait
1185 3431 1217 3496 in

167 3555 227 3601 usu
248 3534 356 3617 inisse,
389 3541 426 3600 ut
448 3535 603 3616 ejusmodi
635 3536 859 3601 conventiones
886 3534 918 3599 in
946 3534 1084 3617 acropoli
1113 3533 1218 3600 iactae

168 3637 283 3704 libellis
313 3638 525 3704 traderentur.
577 3639 729 3704 Attamen
762 3655 864 3719 neque
896 3656 958 3702 uno
991 3636 1133 3719 exemplo
1162 3637 1217 3702 de·

169 3746 381 3821 monstratur,
412 3741 489 3822 quid
515 3739 547 3804 in
570 3738 765 3822 moluerit,
797 3748 830 3805 ct
852 3741 884 3806 in
908 3743 1027 3806 Andoc.
1051 3760 1095 3805 or.
1118 3740 1143 3804 Ι.
1165 3740 1217 3821 42,

168 3843 223 3909 ubi
245 3843 399 3909 Dioelidis
430 3842 563 3908 insidiae
594 3848 802 3923 enarrantur,
835 3843 889 3923 qui
920 3861 989 3908 sese
1017 3844 1049 3908 in
1079 3843 1217 3924 acropoli

169 3962 238 4010 cum
260 3946 423 4011 Andocide
445 3946 622 4026 ceterisque
645 3943 799 4011 maleficis
830 3946 1024 4011 omittendae
1049 3945 1218 4010 delationis

169 4047 306 4131 pretium
327 4046 486 4133 pepigisse
509 4047 644 4130 dixerat,
665 4047 764 4114 libelli
787 4048 905 4113 mentio
929 4047 1016 4113 nulla
1037 4046 1083 4113 fit.
1121 4046 1216 4113 Prae-

972 4167 989 4222 3
