3100 4834
616 419 829 486 ,ῃ-

199 609 255 659 cus
276 591 430 658 moriatur
453 586 610 673 (βούλευσ.
634 587 764 676 ἔσσυο).
795 594 832 658 Ισ
855 594 950 676 lmjus
971 593 1097 676 generis
1119 591 1249 659 crimine

199 689 396 777 βουλεύσεως
419 696 522 761 oratio
554 697 594 762 de
625 715 761 763 nouerca
782 702 936 763 versatur.
982 697 1128 763 Alterum
1150 701 1200 761 est
1221 696 1249 761 si

199 798 279 879 quis,
301 798 449 881 quamvis
473 798 640 864 vulnerare
655 803 780 864 tantum
797 798 847 865 vel
863 799 961 865 simili
976 800 1117 881 corporis
1132 800 1248 864 daumo

197 900 357 965 inimicum
373 899 499 966 afficere
515 900 659 982 noluerit,
671 908 777 967 tamen
793 920 854 966 uon
870 902 1024 983 vulneret,
1040 902 1095 967 sed
1111 902 1248 968 occidat.

199 1004 268 1069 Hoc
290 1021 390 1084 genus
412 1005 453 1070 ad
476 998 580 1088 φόνου
600 995 754 1068 ἀκούσιον
784 1004 922 1070 attinere
942 1003 1121 1086 Philippius
1147 1006 1248 1070 docet.

131 1116 135 1123 '
170 1125 173 1129 ’
198 1106 257 1172 Cui
281 1106 451 1188 respondet
473 1104 673 1190 βουλεύσεως
694 1125 794 1189 genus
817 1108 900 1189 quod
923 1105 970 1186 fit,
1003 1108 1031 1172 si
1061 1106 1133 1188 quis
1156 1107 1250 1173 alteri

197 1210 382 1290 persuadet,
405 1216 442 1274 ut
464 1209 590 1276 inimico
613 1210 677 1276 vim
700 1209 828 1288 inferat,
850 1228 888 1274 co
910 1209 1040 1275 consilio
1062 1215 1100 1274 ut
1116 1209 1167 1274 hic
1182 1227 1250 1274 cor-

200 1312 286 1393 poris
318 1313 562 1394 detrimentum,
593 1331 654 1377 non
684 1320 792 1379 tamen
821 1311 1019 1378 mortiferum
1040 1313 1165 1395 capiat,
1197 1312 1251 1376 ille

200 1423 306 1480 autem
331 1415 383 1480 cui
404 1416 574 1498 persuasit,
611 1414 770 1481 interficit.
816 1415 886 1482 Hoc
908 1434 1033 1498 quoque
1054 1433 1155 1497 genus
1176 1415 1250 1479 Phi-

199 1517 316 1600 lippius
337 1510 492 1583 ‹inodcmv
514 1518 670 1601 appellari
693 1519 771 1586 vult.
815 1519 960 1585 Tertium
991 1519 1126 1600 denique
1148 1511 1251 1603 φόνου

200 1627 257 1694 est,
292 1621 321 1685 si
343 1621 414 1703 quis
443 1621 569 1687 omnino
599 1640 702 1703 neque
724 1640 838 1688 necare
860 1640 961 1705 neque
982 1621 1151 1687 vulnerare
1174 1619 1252 1699 vult,

198 1723 256 1788 sed
279 1739 355 1787 casu
377 1729 410 1788 et
432 1723 633 1806 neglegentia
654 1730 756 1788 necat.
799 1723 891 1801 Quod
913 1742 1023 1806 genus,
1046 1720 1251 1788 hauddubie

201 1818 302 1909 φόνος
324 1816 478 1902 ἀκούσιος
500 1826 708 1908 appellatum,
739 1826 910 1908 tetralogia
938 1826 1042 1892 altera
1062 1825 1252 1891 illustratur.

199 1927 250 1991 nd
274 1928 358 2009 quod
381 1929 500 1992 attinet
521 1929 652 1994 tertium
674 1922 876 2011 βουλεύσεως
897 1946 1006 2011 genus,
1029 1928 1058 1993 si
1080 1928 1151 2011 quis
1166 1928 1252 1994 nullo

200 2029 330 2093 consilio
352 2029 496 2111 scelesto,
526 2031 584 2095 sed
611 2049 668 2112 per
690 2029 923 2113 neglegentiam
946 2030 1040 2097 alteri
1068 2033 1252 2113 persuadet,

200 2138 238 2195 ut
267 2131 388 2213 aliquid
418 2131 530 2212 faeiat,
563 2134 648 2216 quod
671 2134 797 2199 cuidam
830 2134 925 2200 tertio
953 2134 1065 2199 mortis
1089 2152 1185 2199 causa
1205 2132 1252 2199 fit.

200 2236 270 2301 Hoc
293 2239 379 2299 certe
400 2229 571 2317 βούλευσιν
588 2227 663 2299 doec
678 2231 838 2322 προνοίας
861 2255 929 2327 esse
952 2237 1209 2302 existimaverim.

265 2337 371 2420 Atque
394 2337 453 2402 hoc
475 2338 607 2403 tertium
630 2334 831 2421 βουλεύσεως
853 2358 953 2421 genus
971 2342 1095 2422 justum
1115 2359 1152 2406 ac
1174 2339 1253 2421 legi-

199 2443 314 2507 timum
338 2441 457 2509 crimen
481 2460 551 2508 csse
573 2443 735 2525 exipsius
757 2444 804 2508 rei
834 2449 950 2509 natura
978 2449 1012 2508 et
1042 2441 1254 2509 concinnitate

199 2544 265 2626 illa,
296 2564 379 2628 quae
400 2545 485 2610 iuter
507 2541 608 2630 φόνου
631 2555 664 2610 et
685 2539 884 2628 βουλεύσεως
911 2545 1043 2611 erimina
1074 2547 1254 2627 intercedit,

200 2649 280 2714 satis
303 2648 417 2715 elucet.
450 2649 557 2726 Quid?
579 2650 607 2715 si
628 2650 788 2715 sententia
810 2655 920 2716 nostra
941 2649 1038 2715 etiam
1060 2650 1254 2715 auctoritate

87 2743 90 2749 ’
200 2752 373 2817 multorum
396 2753 523 2825 aetatis,
537 2758 663 2817 nostrae
686 2753 848 2818 hominum
874 2752 1173 2836 Jurisoonsultorum
1196 2754 1253 2817 ad-

197 2855 352 2936 juvatur?
366 2859 394 2933 ¹)
433 2854 554 2921 Docent
575 2855 659 2920 enim
680 2854 750 2920 fieri
773 2856 863 2937 „eine
885 2855 1013 2937 culpose
1027 2853 1254 2921 intellectuelle

201 2944 473 3024 Urheberschaft“
495 2977 578 3041 quae
600 2963 746 3039 vocatur,
778 2958 948 3023 dummodo
979 2959 1008 3023 is
1036 2958 1092 3040 qui
1119 2956 1253 3023 inconsi-

205 3061 313 3126 derate
335 3061 498 3127 suadendo
529 3061 641 3127 mortis
672 3067 784 3127 auctor
806 3061 864 3140 sit,
893 3066 927 3124 et
948 3078 983 3125 re
1004 3078 1081 3125 vera
1103 3058 1197 3123 alteri
1219 3059 1254 3124 id

207 3165 290 3243 quod
312 3165 425 3229 mortis
448 3181 543 3230 causa
566 3163 653 3229 facta
682 3164 725 3229 sit
754 3163 948 3246 persuadere
977 3161 1131 3240 voluerit,
1162 3166 1195 3227 et
1219 3162 1254 3226 id

205 3267 289 3348 quod
323 3267 536 3349 persuaserit,
573 3265 748 3345 periculum
780 3265 892 3330 mortis
924 3263 1041 3329 habere
1070 3264 1254 3346 intellegere

202 3369 344 3451 potuerit
365 3375 399 3434 et
421 3367 577 3434 debuerit.
621 3370 722 3447 Quam
751 3386 818 3434 rem
849 3366 908 3433 tali
935 3366 1003 3433 lere
1030 3368 1172 3451 exemplo
1201 3387 1253 3434 ex·

202 3471 334 3554 planare
356 3473 466 3538 solent.
510 3471 615 3539 Faber
637 3472 791 3537 struendo
816 3469 959 3536 aedificio
981 3469 1163 3552 praefectus
1184 3472 1254 3554 opi-

201 3575 278 3643 fices
301 3576 424 3641 trabem
448 3576 487 3641 de
511 3575 576 3640 alto
598 3575 630 3640 in
652 3575 736 3639 viam
761 3574 885 3640 deicere
902 3574 1004 3656 jubet,
1034 3574 1090 3641 ubi
1111 3576 1255 3640 homiues

202 3679 368 3745 ambulare
390 3682 470 3760 seit,
502 3680 558 3744 sed
587 3678 673 3744 forte
698 3678 847 3761 neglegit.
892 3677 926 3743 si
948 3679 1020 3760 quis
1042 3679 1142 3762 igitur
1163 3677 1254 3743 trabe

273 3920 305 3999 1)
325 3923 379 3986 ofr.
396 3942 425 3983 v.
440 3920 554 3995 Buri,
576 3920 635 3980 Die
650 3920 815 3981 Consulitiit
829 3922 892 3981 und
906 3921 974 3981 ihre
990 3920 1254 3981 strafrechtliehen

204 4007 418 4083 Beziehungen
436 4008 597 4083 (stuttgart
613 4008 715 4081 1885),
737 4028 766 4084 p.
784 4013 823 4065 38
834 4027 914 4088 sqq.;
932 4008 982 4082 id,
1004 4007 1065 4066 Zur
1079 4009 1179 4068 Lehre
1194 4027 1255 4068 von

204 4094 259 4157 der
273 4094 472 4157 Theilaahme
489 4113 537 4157 am
554 4094 748 4157 Verbreohou
762 4099 828 4170 etc,
842 4112 873 4175 p.
891 4099 1020 4176 50aqq.;
1043 4092 1119 4155 alios
1132 4093 1195 4156 rid.
1211 4093 1253 4154 ib.
