3100 4834
746 366 960 434 ..46-

324 534 356 602 in
384 538 597 605 Demosthene
622 555 682 602 uon
704 536 847 618 offendit,
879 538 1112 620 reprehendere
1133 537 1210 606 iicet
1231 539 1263 603 in
1286 539 1381 605 Anti·

323 640 463 724 phonte,
493 661 513 705 a
544 659 606 724 quo
636 640 703 707 iere
732 640 866 724 incipiat
895 660 949 707 ars
979 641 1106 708 dicendi
1128 641 1381 709 Atheniensium.

325 742 427 819 Quam
451 745 583 810 adrem
607 743 705 810 etiam
728 744 869 809 animum
892 744 1058 810 intendere
1089 762 1224 826 aequum
1254 751 1323 824 est,
1353 745 1382 809 si

281 898 284 911 .
319 846 502 927 judicamus
524 865 604 929 quae
627 846 659 911 in
691 847 709 929 ξ
732 846 772 912 31
797 847 1381 929 111111111111111111111111111-

323 954 434 1028 perat:
462 946 517 1017 καὶ
539 952 611 1026 τοῖς
633 943 743 1034 λόγοις
765 946 925 1033 (παρέχω)
955 947 1032 1027 τούς
1059 945 1227 1036 μα’ρτορος
1257 944 1381 1034 ὁμολο-

326 1051 462 1132 γοῦντας
489 1048 546 1116 καὶ
574 1054 647 1128 τοῖς
675 1047 816 1138 μάρτυσι
848 1049 890 1116 τὰ
922 1046 1010 1139 ἔργα.
1055 1055 1126 1132 Qua
1155 1053 1188 1117 in
1218 1053 1382 1118 sententia

325 1171 417 1219 nemo
439 1161 489 1219 est
511 1153 585 1235 quin
610 1155 693 1220 idem
726 1173 795 1220 esse
825 1155 1008 1237 intellegat,
1040 1163 1109 1220 tum
1139 1155 1167 1220 11
1196 1156 1383 1220 testimonia

325 1275 396 1321 cum
417 1257 457 1322 iis
479 1276 560 1340 quae
582 1264 751 1323 aecusatus
775 1258 920 1341 disputat
943 1250 1141 1336 conveniant,
1164 1264 1232 1324 tum
1255 1258 1284 1323 si
1307 1275 1381 1347 cnm

324 1357 427 1424 factis.
450 1360 615 1441 Ejusmodi
627 1359 874 1443 amplificatione
886 1361 1031 1442 quamvis
1046 1359 1224 1443 tautologia
1239 1360 1282 1428 sit
1297 1379 1381 1441 quae

325 1470 466 1544 vocatur,
484 1464 650 1528 audientes
662 1464 693 1528 in
711 1464 837 1529 dicendi
854 1464 988 1529 decursu
1003 1483 1064 1529 non
1082 1463 1294 1529 offenduntur.
1315 1462 1380 1528 Ne·

327 1585 389 1648 que
399 1566 501 1647 magis
512 1565 715 1632 offenduntur
726 1585 773 1648 eo,
785 1567 869 1647 qood
884 1585 1077 1650 quamquam
1090 1585 1165 1631 reus
1180 1585 1213 1632 se
1224 1560 1382 1652 τεκμήρια

326 1664 363 1748 ἐξ
372 1660 478 1733 αὐτῶν
490 1668 555 1732 τῶν
569 1664 670 1756 ἔργων
681 1661 852 1756 ἀποφῆναι
868 1670 925 1749 ait,
941 1677 1046 1735 tamen
1066 1668 1151 1737 11111
1166 1669 1382 1735 inveniuntur.

325 1771 426 1839 Recte
441 1772 524 1836 enim
541 1773 735 1854 Wagenerus
754 1792 793 1837 ea
809 1792 870 1837 non
885 1774 927 1838 ad
942 1773 1002 1838 hoc
1024 1772 1191 1838 referenda
1206 1790 1275 1837 esse
1291 1772 1381 1852 dicit,

326 1874 411 1955 quod
424 1876 559 1940 testibus
571 1875 611 1940 ab
622 1883 771 1941 accusato
789 1875 905 1941 oblatis
921 1894 988 1939 rem
1004 1876 1198 1958 investigare
1214 1873 1383 1953 noluerint,

326 1977 474 2060 quoniam
496 1978 570 2054 inde
593 1978 648 2044 illa
671 1973 737 2041 δύω
758 1974 805 2042 τιὸ
826 1973 970 2062 μεγίστω
992 1975 1049 2042 καὶ
1077 1973 1276 2065 ἰσχυροτάτω
1306 1977 1382 2042 duci

327 2088 492 2164 appareat,
515 2099 597 2162 qnae
619 2075 861 2147 11111111111ι
884 2078 970 2168 πρὸς
991 2075 1120 2158 τούτοις
1141 2100 1175 2147 11
1197 2080 1310 2146 afferre
1333 2079 1383 2144 ait

326 2183 528 2267 (11.132).
573 2185 651 2252 Cum
682 2186 788 2267 priore
820 2192 926 2249 tamen
958 2183 1204 2267 amplificatione
1237 2182 1383 2248 conferas

329 2307 374 2353 or.
396 2287 434 2352 V.
464 2289 482 2370 ξ
513 2287 570 2354 54;
611 2283 772 2375 διάφορον
803 2284 884 2371 [μὲν]
914 2279 952 2375 ἦν
983 2285 1021 2352 τὸ
1051 2282 1307 2371 γραμματείδιον
1337 2288 1386 2372 τῷ

328 2384 576 2472 paravereda,
599 2385 761 2476 διάφορος
775 2389 804 2455 δ’
821 2385 838 2454 ὃ
853 2385 1036 2477 ἅνθρωπος
1057 2392 1104 2476 τῷ
1125 2384 1383 2476 γραμματειδίῳ,

328 2500 362 2559 11
384 2493 426 2558 ib.
443 2492 460 2574 ξ
478 2493 535 2557 74;
558 2487 653 2578 ὁμὲν
669 2491 731 2580 γὰρ
748 2492 864 2581 πολλῷ
884 2492 964 2572 aut,
987 2495 1070 2576 quod
1094 2512 1194 2576 11111
1211 2494 1279 2574 jam
1303 2493 1384 2557 eita-

328 2599 396 2660 tum
420 2601 478 2665 est.
1376 2652 1379 2657 ,

396 2699 575 2764 Accusatus
597 2705 764 2780 postquam
797 2700 815 2781 ξ
837 2697 880 2764 35
902 2697 942 2763 ab
964 2696 1126 2762 Aristione
1148 2703 1182 2763 et
1203 2697 1329 2763 Phiiino
1351 2704 1385 2762 et

329 2800 516 2883 Ampelino,
549 2819 629 2883 quos
650 2802 719 2882 ipse
742 2802 909 2884 peculatus
941 2800 1179 2881 arcessivisset,
1208 2801 1385 2866 Philocrati

329 2922 516 2984 persuasum
547 2922 616 2968 esse
646 2904 742 2982 dixit,
772 2912 807 2968 ut
837 2904 898 2970 sibi
928 2903 996 2969 foro
1017 2922 1055 2968 11
1074 2903 1146 2984 jure
1168 2904 1384 2983 interdiceret,

331 3007 414 3089 §36
448 3009 507 3074 hoc
537 3006 647 3071 addit:
679 3000 780 3093 ὁγὰρ
803 3002 903 3091 νόμος
925 3000 1028 3083 οὕτως
1056 3000 1137 3085 aher,
1168 3001 1305 3070 ἐπειδάν
1333 3029 1385 3082 τις

247 3100 249 3105 ’
303 3105 512 3197 ·ἀνιογραφῄ
534 3107 636 3196 φόνου
658 3105 759 3194 δίκην,
789 3102 961 3194 εἴργεσθαι
983 3111 1047 3172 τῶν
1069 3103 1224 3192 νομίμων.
1268 3109 1385 3191 Wage·

331 3232 424 3279 nerus
447 3216 582 3279 miratur
604 3213 760 3293 quomodo
780 3231 852 3278 reus
867 3212 1069 3293 areopagitas
1085 3213 1125 3276 de
1141 3219 1254 3276 retem
1269 3221 1385 3294 aperta

332 3324 365 3382 et
388 3316 554 3382 notissima
577 3316 753 3380 edocendos
782 3320 884 3397 putet.
927 3315 1125 3380 Hartmanus
1147 3321 1179 3380 et
1200 3313 1289 3379 illam
1312 3333 1384 3382 seu-

332 3419 466 3485 tentiam
488 3422 522 3482 et
544 3417 641 3483 verba
662 3435 743 3499 quae
773 3425 968 3498 sequuntur:
998 3411 1182 3503 εἰργόμενος
1203 3417 1267 3482 τῶν
1288 3413 1384 3502 νομί-

331 3545 403 3606 μων
425 3520 619 3602 11111111111
641 3538 710 3587 esse
732 3526 849 3586 censet.
880 3518 944 3585 Sed
959 3521 1112 3602 eiusmodi
1135 3519 1220 3585 locos
1243 3539 1304 3585 non
1327 3522 1385 3586 ad·

333 3625 463 3690 modum
485 3623 692 3706 exagitandos
715 3642 783 3688 esse
799 3622 947 3688 arbitror.
978 3623 1130 3688 Oratores
1145 3629 1231 3688 certe
1247 3623 1385 3690 scribere

333 3732 548 3804 assueverant,
580 3727 666 3807 quod
689 3726 849 3792 diceretur
871 3726 902 3790 in
926 3725 1132 3792 heliastarum
1151 3724 1296 3807 judiciiS,
1328 3726 1384 3792 ho·

334 3832 452 3896 minum
469 3830 555 3894 haud
568 3848 641 3894 raro
658 3829 761 3912 legum
778 3848 891 3911 parum
907 3828 1091 3910 peritorum.
1122 3829 1150 3894 N
1153 3846 1209 3894 eve
1225 3828 1384 3910 miremur,

333 3935 360 3998 si
383 3931 536 4015 ejusmodi
558 3932 770 4013 expositiones
800 3932 896 3996 etiam
928 3931 972 3996 ibi
1002 3932 1163 4010 inserunt,
1193 3930 1247 3996 ubi
1279 3932 1384 3997 minus

334 4039 529 4113 conveniant.
574 4035 728 4115 Quamvis
750 4036 833 4101 enim
856 4035 972 4119 injuria
992 4035 1186 4118 Wagenerus
1207 4035 1383 4104 orationem
