3100 4834
615 379 830 447 „15-

195 551 296 618 etiam
326 553 518 619 sententiam
550 558 692 619 nostram
723 553 762 617 de
792 551 922 619 crimine
944 551 1075 635 choragi
1096 552 1250 635 adjuvare

193 656 349 723 ridetur·
519 727 521 733 ,

262 757 325 824 Sed
356 777 396 824 ne
425 757 523 823 ullam
555 758 683 841 quidem
716 776 846 824 causam
879 756 1074 840 probabilem
1109 756 1250 839 cogitare

196 879 336 943 possum,
368 879 425 925 cur·
446 860 618 941 choragum
641 861 781 926 Diodoto
803 860 934 926 insidias
956 861 1135 927 coniurasse
1157 878 1249 926 accu-

197 969 285 1029 sator
316 964 422 1030 dicere
453 965 606 1045 potuerit
650 967 700 1028 An
729 969 823 1029 erunt
850 963 905 1044 qui
935 963 1019 1029 inter
1040 963 1142 1029 virum
1165 981 1249 1029 com·

198 1066 320 1148 positae
341 1067 459 1132 aetatis
480 1072 514 1130 et
535 1084 668 1147 puerum
698 1065 817 1130 innoxii
838 1065 935 1130 animi
958 1065 1130 1148 quidquam
1152 1068 1250 1132 inter-

197 1171 311 1236 cedere
333 1173 457 1251 putent,
479 1170 564 1248 quod
587 1169 640 1237 ille
663 1186 782 1233 veneno
797 1167 906 1235 ulcisci
921 1168 1047 1249 possiti
1078 1169 1127 1233 An
1143 1187 1250 1236 cense-

197 1270 302 1336 bimus
323 1270 538 1341 Philocratem
561 1271 679 1337 dixisse
702 1290 722 1335 a
743 1289 798 1337 rec
820 1289 888 1336 esse
909 1288 1008 1352 puero
1031 1271 1095 1335 rim
1116 1271 1250 1354 illatam,

197 1375 283 1456 quod
297 1376 327 1440 ei
342 1392 414 1440 cum
436 1375 539 1456 ipsius
559 1373 682 1439 familia
696 1373 882 1440 inimicitiae
899 1373 1059 1439 fuissent?
1095 1376 1140 1439 At
1155 1374 1194 1457 ἓξ
1208 1378 1251 1444 20

196 1481 231 1542 et
254 1476 297 1543 34
318 1477 452 1560 legimus
474 1477 627 1559 proximis
648 1483 721 1558 post
743 1483 878 1542 mortem
902 1474 1033 1543 Diodoti
1053 1478 1176 1545 diebus
1197 1498 1250 1546 ac·

196 1585 369 1651 cusatores,
388 1579 592 1646 familiariter
620 1586 653 1646 et
683 1579 770 1646 nulla
802 1599 873 1645 cum
906 1581 1084 1662 suspicione
1113 1582 1250 1664 chorago

197 1699 272 1746 usos
294 1700 372 1763 esse,
402 1701 501 1766 quare
523 1700 624 1764 neque
646 1689 722 1750 ante
744 1689 878 1748 mortem
901 1683 1054 1749 inuidiam
1083 1683 1168 1751 inter
1196 1705 1251 1751 eos

166 1792 169 1799 '
197 1782 414 1850 intercessisse
436 1783 598 1867 probatur.

262 1886 375 1970 itaque
398 1887 572 1970 choragum
594 1893 778 1954 accusatum
801 1906 871 1954 esse
886 1887 1143 1965 existimaverim,
1164 1890 1251 1972 quod

197 1990 403 2072 neglegenter
424 1991 584 2074 potionem
606 1991 804 2072 imperasset,
826 2008 922 2072 quam
946 1991 1057 2056 mortis
1075 1992 1250 2073 periculum

197 2091 283 2158 ferre
301 2094 481 2160 meminisse
497 2093 669 2159 debuisset.
699 2095 806 2176 Atque
828 2093 885 2158 tali
901 2094 1026 2160 crimini
1042 2095 1163 2177 optime
1179 2114 1251 2160 cou-
1310 2123 1313 2128 ’

198 2195 292 2262 venit
314 2197 485 2275 enarratio,
508 2216 572 2279 qua
587 2215 660 2263 reus
675 2200 802 2262 tantum
821 2198 1019 2262 demonstrat
1041 2197 1094 2281 (ξς
1112 2198 1252 2281 12-13)

198 2315 269 2364 sese
291 2300 332 2365 de
352 2300 509 2381 ejusmodi
530 2299 627 2366 rebus
648 2317 780 2381 prorsus
803 2298 882 2363 nihil
904 2299 1086 2382 imperasse,
1108 2302 1164 2366 sed
1185 2320 1253 2367 om·

199 2420 272 2467 nem
295 2403 384 2469 chori
400 2408 432 2469 et
447 2402 613 2469 exercendi
628 2409 662 2468 et
676 2402 781 2468 alendi
799 2420 907 2469 curam
922 2403 965 2468 ad
980 2409 1085 2469 certos
1099 2403 1254 2484 homines,

199 2505 369 2587 Amyniam
392 2512 425 2570 et
440 2505 689 2573 Phanostratum
712 2524 863 2586 generum
886 2523 977 2570 suum
1000 2513 1034 2572 et
1055 2506 1135 2573 alios
1157 2526 1253 2589 quos-

200 2609 276 2674 dam
298 2608 460 2676 detulisse.
504 2609 623 2674 Verum
652 2608 749 2673 etiam
780 2615 941 2674 auctorem
972 2611 1153 2689 argumenti
1183 2628 1254 2676 ora-

200 2712 297 2777 tionis
320 2713 436 2778 ridisse
459 2711 620 2791 existimo,
650 2712 705 2795 qui
735 2717 936 2777 accusatores
958 2711 1017 2777 hoc
1039 2730 1102 2777 uno
1124 2730 1253 2779 causam

201 2832 292 2880 suam
315 2815 450 2897 probare
473 2815 530 2893 ait,
552 2814 637 2897 qnod
659 2814 751 2896 pueri
773 2813 860 2879 domi
882 2813 1012 2896 choragi
1033 2815 1165 2881 exerciti
1180 2816 1254 2881 sint

200 2919 348 3002 Apparet
370 2919 484 2985 deinde
506 2924 708 2985 accusatores
730 2916 935 2996 intellexisse,
958 2917 1112 2999 ejusmodi
1134 2918 1254 2985 crimen

200 3039 264 3087 non
286 3026 410 3089 tantam
441 3021 557 3089 habere
585 3020 755 3102 invidiam,
788 3038 852 3102 qua
875 3019 1002 3100 judices
1030 3038 1183 3101 persaepe
1211 3021 1254 3086 ad

201 3126 474 3193 condemnandum
497 3125 747 3203 adducerentur,
778 3129 812 3188 et
841 3127 1013 3204 propterea
1043 3122 1123 3188 iram
1145 3141 1254 3189 eorum

201 3231 249 3296 ita
276 3230 469 3309 concitasse,
501 3235 538 3295 ut
567 3246 666 3293 resa
695 3243 791 3291 causa
816 3224 937 3290 alienas
958 3224 1189 3306 immiscerent,
1221 3233 1255 3293 et

202 3353 292 3399 reum
322 3333 420 3400 etiam
457 3331 488 3397 in
522 3329 618 3396 rebus
646 3328 782 3411 publicis
808 3345 958 3409 peccasse
989 3327 1139 3396 dicerent.
1184 3330 1255 3414 (cir.

203 3436 360 3520 stur>

270 3540 394 3607 Deinde
417 3539 444 3605 si
463 3538 530 3619 jam
553 3536 744 3618 quaerimus,
765 3552 848 3618 quae
870 3533 903 3599 in
925 3534 984 3600 tali
1001 3535 1138 3621 crimine
1153 3556 1256 3620 poena

201 3643 319 3725 fuerit,
350 3662 410 3709 non
440 3659 568 3725 possum
600 3640 676 3722 quin
707 3644 818 3703 contra
846 3637 1063 3705 Maetznerum
1093 3639 1255 3724 Philippio

203 3747 372 3828 assentiar,
394 3747 449 3829 qui
471 3765 542 3811 eam
563 3745 646 3811 sicut
668 3741 699 3806 in
723 3736 815 3828 φόνῳ
838 3733 981 3828 ἀκουσίῳ
1004 3742 1105 3808 solum
1127 3744 1255 3809 exilium

203 3850 304 3915 luisse
326 3850 428 3917 docet.
470 3849 569 3914 Recte
590 3848 673 3912 enim
697 3852 804 3911 monet
825 3864 926 3928 neque
947 3845 979 3910 in
1009 3845 1029 3927 ξ
1051 3846 1088 3925 4,
1119 3845 1175 3912 ubi
1202 3864 1255 3913 ac·

204 3958 336 4018 cusatus
358 3970 430 4017 cum
460 3952 599 4032 pondere
627 3950 764 4031 quodam
795 3948 898 4028 dicat,
930 3948 1008 4030 quid
1037 3947 1098 4013 sibi
1125 3949 1154 4015 si
1182 3968 1255 4016 con·

205 4055 374 4127 demnetur
393 4054 592 4139 impendeat,
624 4070 724 4136 neque
747 4050 812 4117 ullo
834 4050 897 4121 alio
918 4051 986 4116 loco
1007 4049 1254 4133 publicationem
