3100 4834
723 405 935 472 ..12..

305 582 544 657 constematur‚
575 577 628 643 ille
658 578 712 659 qui
742 597 812 644 eam
845 577 926 642 deici
952 575 1063 659 Jussit,
1093 576 1240 660 culposns
1262 595 1354 658 quem

304 686 418 749 nocant
440 681 630 746 subornator
652 681 693 746 ad
715 680 921 747 homicidium
944 685 1003 746 est.

369 785 479 864 Neque
500 802 576 848 vero
599 802 648 849 me
676 782 789 864 effugit
817 784 884 849 lore
916 783 969 868 qui
999 783 1227 865 obloquantur,
1258 802 1354 866 quum

305 889 399 970 hujus
421 886 539 951 arietis
560 885 621 951 viri
647 885 865 968 jurisconsulti
895 886 960 951 tale
982 886 1098 952 crimen
1120 886 1280 951 subtiliter
1302 904 1355 950 ex-

304 990 533 1071 cogitaverint,
563 989 773 1054 Athenienses
802 1008 877 1056 suas
907 991 1073 1056 criminum
1103 990 1246 1055 notiones
1268 989 1354 1053 haud

304 1093 351 1157 ita
372 1098 521 1158 accurate
543 1093 785 1176 excogitavisse.
815 1093 927 1159 Atilii
949 1095 1077 1175 quidem
1100 1112 1160 1158 non
1183 1099 1249 1158 tam
1272 1095 1355 1174 eJus-
1421 1106 1427 1117 ·

304 1196 390 1261 modi
420 1202 578 1262 auctorem
612 1196 724 1261 mortis
756 1197 890 1279 cogitari
925 1215 1018 1279 posse
1055 1197 1204 1275 edocent,
1236 1196 1354 1279 quippe

304 1299 388 1380 quod
413 1299 529 1364 nemini
551 1298 617 1365 fere
639 1317 701 1364 non
723 1299 885 1381 probetur,
907 1319 1002 1383 quarn
1017 1319 1089 1365 eum
1104 1319 1208 1382 poena
1222 1300 1354 1381 dignum

305 1420 375 1468 esse
397 1402 572 1484 disputant.
617 1404 723 1486 Atque
746 1404 823 1468 mibi
847 1404 974 1485 quidem
996 1401 1141 1469 sufficere
1162 1402 1298 1485 videtur,
1326 1404 1354 1469 si

305 1506 369 1571 tale
392 1506 519 1587 crimen,
547 1505 691 1589 quamvis
713 1525 820 1571 rarum
842 1510 936 1585 esset,
967 1525 1005 1571 ex
1026 1505 1183 1572 communi
1210 1506 1353 1588 jndicum

305 1609 462 1675 sententia
484 1610 658 1674 absurdum
681 1627 741 1674 non
763 1608 861 1676 fuisse
892 1628 1018 1691 censes,
1049 1610 1134 1691 quod
1165 1627 1224 1674 non
1255 1608 1354 1675 fuisse

304 1712 423 1794 opinor.
467 1712 677 1779 Athenienses
699 1713 781 1778 enirn
805 1732 900 1796 qnam
923 1715 965 1779 a'd
989 1713 1115 1779 diversa
1136 1711 1277 1779 facinora
1291 1731 1351 1778 non

304 1817 398 1881 modo
426 1815 510 1880 idem
542 1816 680 1896 crimen,
714 1816 770 1881 sed
798 1816 896 1881 etiarn
926 1817 967 1881 ad
998 1817 1080 1882 idem
1109 1815 1233 1881 facinus
1258 1835 1351 1898 quarn

304 1919 393 1984 varia
415 1918 547 1984 crimina
568 1918 714 1984 adhiberi
736 1920 824 2002 passi
854 1919 934 1999 sint,
966 1920 1051 2002 apud
1084 1937 1191 1985 omnes
1220 1923 1353 1984 constat.

305 2021 452 2088 Ceterum
475 2041 557 2105 quae
579 2022 619 2087 de
642 2022 702 2088 hac
724 2042 758 2088 re
772 2022 916 2089 Platonis
939 2021 1097 2089 sententia
1112 2040 1181 2088 esse
1196 2022 1352 2097 videatur,

303 2125 386 2191 inira
408 2126 619 2192 ostendemus.
641 2162 684 2172 —
706 2125 830 2191 Deinde
851 2124 956 2191 forsan
980 2125 1045 2191 sint
1066 2125 1120 2207 qni
1139 2125 1237 2191 verba
1259 2119 1353 2208 „dod-

303 2227 411 2306 λεοσις
433 2223 555 2315 φόνον(
586 2234 618 2295 et
650 2227 844 2311 „deoduinus
870 2222 971 2314 φόνον
1002 2229 1052 2293 vel
1082 2223 1248 2293 daracoffl
1278 2229 1353 2295 huic

303 2332 427 2397 crimini
449 2350 563 2414 parum
586 2320 752 2399 convenire
775 2333 902 2412 dicant,
935 2349 1031 2414 quum
1054 2326 1232 2414 βουλεύσας
1254 2350 1354 2414 neque

304 2452 409 2499 necem
433 2434 579 2518 voluerit,
602 2454 704 2518 neque
726 2435 821 2501 alteri
843 2442 879 2502 ut
901 2442 1028 2502 necaret
1049 2436 1253 2517 persuaserit.
1291 2435 1354 2500 Sed

304 2537 400 2600 etiarn
423 2537 451 2602 si
474 2556 544 2602 eam
566 2539 664 2604 solam
688 2534 858 2621 βούλευσιν
881 2533 956 2604 ίίνεν
978 2534 1136 2626 προνοίας
1152 2557 1221 2605 esse
1237 2557 1353 2618 censes,

303 2657 397 2720 quam
414 2640 594 2724 Philippius
609 2643 711 2723 docet,
733 2643 817 2708 idem
834 2643 906 2726 quis
928 2643 1055 2724 obloqui
1077 2642 1206 2724 poterit.
1236 2644 1353 2721 Quam·

303 2761 397 2825 quam
420 2743 451 2807 in
475 2743 545 2826 lege
568 2744 624 2809 illa
645 2744 798 2811 Draconis
821 2745 956 2811 dicitur:
985 2740 1100 2810 αἰτιῶν
1121 2740 1223 2830 φόνον
1244 2762 1287 2810 sc.
1310 2741 1356 2829 μὴ

303 2841 339 2908 ἐκ
362 2840 538 2931 προνοίας,
569 2839 590 2934 ’ἦ
614 2843 813 2930 βουλεύσεως
842 2866 883 2914 sc.
915 2843 1017 2933 φόνου
1046 2846 1091 2935 μὴ
1119 2844 1155 2912 ἐκ
1185 2842 1353 2935 προνοίας.

303 2949 417 3030 Itaque
439 2942 540 3035 φόνον
561 2948 734 3033 βουλεῦσαι
750 2949 829 3016 mibi
844 2951 972 3017 videtur
986 2950 1053 3017 fere
1068 2951 1132 3017 dici
1147 2970 1206 3033 pro
1221 2944 1355 3037 φονικόν

304 3074 336 3115 τι
358 3052 408 3116 vel
429 3046 620 3136 θανάσιμόν
642 3076 673 3116 τι
695 3052 879 3136 βουλεῦσαι.

369 3154 516 3221 Ceterum
553 3155 635 3222 falso
672 3155 749 3223 mibi
787 3157 936 3224 videntur
969 3157 1017 3221 uti
1049 3156 1249 3222 Herrlicbins
1280 3155 1355 3240 (Die

303 3257 503 3324 Verbrechen
536 3279 638 3341 gagen
668 3261 726 3325 das
759 3259 865 3326 Leben
896 3259 976 3326 nach
999 3264 1058 3326 att.
1081 3259 1193 3325 Recbt.
1237 3259 1354 3336 Berlin,

303 3360 414 3443 Progr.
447 3362 504 3426 des
533 3362 780 3446 Humb.-Gymn.
815 3363 912 3446 1883)
948 3369 983 3428 et
1017 3362 1070 3427 alii
1107 3360 1354 3441 significatione:

303 3460 474 3548 βούλεοσις
503 3461 604 3550 φόνον
635 3458 798 3532 οίνοοσίοο.
847 3468 943 3550 Apud
972 3466 1059 3550 ipsos
1081 3467 1209 3548 quidem
1231 3470 1356 3532 veteres

304 3568 475 3650 scriptores
498 3569 593 3651 plena
613 3569 804 3652 significatio
834 3588 988 3654 nusquam
1022 3570 1191 3635 invenitur.
1235 3571 1354 3636 Tamen

304 3673 350 3738 rei
372 3676 518 3737 naturam
541 3690 670 3754 poscere
693 3679 772 3755 puto
795 3678 833 3736 ut
864 3673 1025 3739 dicamus:
1056 3667 1225 3755 βοίίοοοις
1255 3667 1356 3757 φόνου

305 3767 443 3841 ἆκοοοία
475 3779 532 3839 aut
558 3778 590 3856 β.
615 3795 649 3859 φ.
681 3767 754 3838 brev
784 3770 960 3861 προνοίας,
998 3776 1029 3840 in
1062 3793 1124 3856 quo
1154 3777 1251 3841 verba
1279 3769 1356 3839 ὄίνεο

304 3874 464 3961 προνοίας
492 3879 534 3942 ad
563 3877 662 3943 solam
692 3873 862 3960 βούλευσιν
891 3878 1058 3945 referenda
1087 3878 1161 3943 siut.
1211 3878 1356 3958 Namque

304 3983 337 4046 in
360 3982 420 4046 boc
442 3981 572 4047 crimine
594 3980 672 4046 nihil
696 3980 795 4049 refert
817 4000 889 4046 eum
912 3982 965 4065 qui
988 3999 1045 4047 sua
1068 4001 1173 4062 manu,
1203 3983 1260 4048 sed
1282 3999 1354 4046 eum

305 4085 359 4176 qui
381 4086 544 4153 suadendo
567 4086 727 4155 necamrit
750 4084 927 4151 inconsulte
950 4084 1072 4151 fecisse.
1113 4087 1213 4155 Immo
1236 4084 1356 4152 utrius*
