3100 4834
618 390 832 457 ...13-

201 581 263 644 que
292 562 404 628 mortis
432 560 571 629 auctoris
593 556 723 627 διάνοια
755 582 837 646 quae
867 570 1001 630 vocatur
1024 564 1134 630 eadem
1157 562 1254 629 luerit

199 665 288 730 haud
310 683 438 732 necesse
461 662 519 731 est.
564 665 644 730 Tum
667 666 750 733 enim
782 667 867 734 alter
888 660 1050 744 ἀκουσίως
1071 666 1252 747 subornare,

200 768 282 833 alter
304 761 459 845 ἑκουσίως
480 768 544 834 vim
564 766 691 845 inferre,
715 774 782 833 tum
799 770 881 837 alter
896 764 1053 847 ἑκουσίως
1069 770 1252 846 subornare,

200 870 282 936 alter
304 863 466 947 ἀκουσίως
487 869 664 937 interficere
687 878 802 953 potest.
847 872 917 956 (cfr.
940 874 1119 953 Berner,
1148 873 1252 938 Lehre

200 991 261 1040 von
284 975 341 1040 der
357 973 566 1040 Tbeilnahme
588 993 639 1038 am
655 975 767 1040 Verbr.
790 996 821 1059 p.
837 977 927 1058 292.)
966 979 1072 1058 Atque
1093 995 1189 1058 quum
1212 976 1252 1041 de

200 1077 332 1159 hujusce
355 1077 440 1141 modi
462 1075 580 1141 scelere
602 1077 645 1141 sit
660 1077 763 1143 oratio
778 1079 812 1143 in
828 1098 1005 1156 novercam,
1027 1078 1123 1160 hujus
1138 1097 1253 1145 causae

200 1180 308 1262 potius
330 1172 459 1259 crimen,
481 1179 510 1244 si
532 1180 580 1244 ita
602 1200 636 1245 re
658 1200 735 1246 vera
757 1181 935 1262 diceretur,
963 1175 1132 1264 βούλευσιν
1153 1177 1253 1264 φόνου

201 1275 354 1347 ἀκουσίου
384 1300 579 1348 vocaremus.
631 1283 775 1350 Nouerca
804 1285 888 1350 enirn
918 1278 1076 1361 ἑκουσίως
1106 1285 1252 1367 pellicem

200 1387 357 1467 incitavit,
378 1385 457 1450 haec
480 1379 641 1462 ἀκουσίως
663 1387 833 1469 interiecit,
859 1407 955 1471 quum
978 1390 1077 1455 inscia
1098 1407 1252 1454 venenum

200 1508 258 1571 pro
280 1488 399 1570 philtro
423 1488 627 1554 ministraret.

266 1591 431 1675 Ejusmodi
453 1591 552 1672 igitur
575 1591 668 1673 quale
691 1593 893 1675 exposuimus
915 1594 1033 1659 crimen
1054 1593 1152 1660 fuisse
1175 1592 1253 1660 mibi

201 1694 348 1774 videtur,
382 1712 444 1777 quo
467 1694 625 1777 choragus
647 1697 700 1778 qui
724 1697 899 1761 orationem
922 1698 963 1761 de
985 1696 1072 1762 chor.
1093 1696 1172 1763 dicit
1200 1714 1252 1761 ao·

201 1808 330 1866 cusatus
353 1803 411 1863 est.
453 1797 579 1863 Etenim
601 1798 698 1863 miror
720 1799 926 1880 quamobrem
948 1800 1109 1883 Philippio
1132 1799 1252 1865 minimi

201 1902 352 1968 momenti
382 1919 452 1967 esse
481 1902 584 1966 visum
615 1901 674 1984 sit,
705 1903 792 1985 quod
822 1921 978 1991 nusquam
1006 1922 1080 1969 reus
1101 1904 1254 1968 adversus

202 2012 403 2072 accusatores
426 2006 600 2088 quidquam
623 2004 732 2072 infesti
755 2012 789 2072 et
811 2007 937 2073 scelesti
959 2007 1082 2074 consilii
1104 2026 1138 2072 se
1153 2007 1253 2073 habu-

201 2110 264 2175 isse
287 2117 397 2191 negat,
429 2108 517 2174 nulla
538 2110 792 2175 adversariorum
816 2110 912 2176 verba
935 2111 1154 2191 inveniuntur,
1184 2110 1253 2193 qui-

201 2213 262 2278 bus
299 2215 456 2295 choragus
492 2212 568 2279 talis
606 2213 727 2278 consilii
766 2214 978 2279 insimuletur.
1029 2213 1113 2279 Cave
1145 2220 1253 2279 autem

203 2317 414 2398 respondeas,
452 2334 549 2399 quum
581 2316 773 2396 orationem,
814 2316 939 2399 qualem
976 2335 1056 2381 nunc
1092 2316 1256 2398 habemus,

204 2420 349 2485 mutilam
381 2438 449 2485 esse
479 2423 617 2501 constet,
651 2420 794 2485 dubitari
824 2439 933 2502 posse,
965 2440 1005 2486 an
1035 2420 1067 2484 in
1097 2419 1153 2484 illa
1174 2438 1256 2501 quae

203 2524 403 2588 interciderit
439 2531 531 2605 parte
564 2529 732 2588 accusatus
762 2524 802 2587 de
835 2524 896 2589 hac
927 2543 960 2588 re
998 2524 1095 2589 verba
1133 2522 1255 2589 fecerit.

204 2627 447 2708 argumentatio
469 2626 570 2708 enirn,
592 2644 674 2709 quae
693 2625 821 2708 quidem
844 2626 885 2691 ad
908 2627 1026 2692 crimen
1050 2626 1155 2706 ipsum
1178 2627 1256 2692 atti-

204 2736 269 2810 net,
301 2735 370 2795 tota
391 2735 506 2807 exstat,
537 2746 636 2809 neque
668 2737 741 2810 post
771 2728 995 2806 narrationem,
1025 2747 1107 2811 quae
1136 2734 1187 2794 est
1217 2730 1258 2793 de

204 2841 423 2899 accusatomm
446 2831 744 2912 machinationibus,
766 2837 899 2914 propter
921 2832 1063 2897 ordinem
1087 2850 1190 2897 rernm
1214 2832 1257 2898 ad

204 2936 322 3002 crimen
346 2936 450 3016 ipsum
474 2934 579 2999 redire
601 2934 727 3001 licebat.
758 2934 803 2999 Et
824 2954 921 3017 quum
939 2936 1007 3016 jam
1022 2933 1108 2999 nullo
1130 2935 1257 3016 negotio

204 3039 410 3122 intellegatur
432 3037 671 3119 Antiphontem,
704 3038 759 3121 qui
783 3038 960 3102 uberrimus
988 3044 1071 3101 esset
1101 3037 1132 3101 in
1163 3037 1258 3102 rebus

204 3143 410 3222 inveniendis
433 3141 636 3224 probationes
664 3160 703 3206 ex
734 3142 774 3206 iis
800 3147 999 3222 sumpturum
1031 3138 1145 3219 fuisse,
1176 3161 1257 3224 quae

204 3254 406 3313 accusatores
428 3244 601 3326 choragum
623 3244 741 3310 scelere
763 3243 818 3309 illo
841 3249 1055 3309 consectatum
1076 3261 1145 3310 esse
1161 3243 1257 3308 dixis·

205 3357 292 3432 sent,
322 3349 479 3433 siquidem
503 3347 567 3413 tale
589 3347 761 3429 quidquam
785 3345 1037 3428 insimulassent,
1067 3347 1164 3412 etiam
1187 3364 1257 3411 ora·

204 3455 290 3520 tione
321 3454 361 3519 de
387 3453 476 3518 caed.
505 3451 623 3517 Herod.
653 3451 713 3515 hoc
736 3449 815 3515 satis
845 3450 1091 3516 demonstratur.
1134 3449 1171 3514 In
1194 3467 1258 3531 qua

206 3557 261 3640 (ἕξ
283 3556 426 3639 57-64)
448 3554 615 3637 perspicue
645 3559 679 3619 et
702 3553 829 3636 copiose
851 3551 1065 3634 Mytilenaeus
1095 3551 1148 3618 ille
1180 3552 1258 3618 dicit

206 3661 247 3725 de
270 3661 375 3726 causis
398 3678 436 3725 ac
458 3658 644 3739 rationibus,
667 3673 722 3721 our
737 3656 896 3722 Herodem
912 3655 1109 3723 interfecisse
1131 3655 1258 3721 dicatur

206 3763 258 3829 vel
287 3761 464 3829 interficere
493 3761 651 3844 potuerit,
683 3767 716 3825 et
746 3760 877 3842 singula·
902 3758 1026 3825 refellit.
1079 3760 1258 3824 Occurrunt

207 3867 305 3932 etiam
328 3868 392 3932 duo
413 3866 484 3946 loci,
514 3864 569 3931 ubi
598 3865 755 3944 imprimis
785 3862 929 3929 futurum
959 3861 1057 3928 fuisse
1078 3864 1198 3943 opinor,
1220 3866 1258 3925 ut

208 3974 248 4037 de
271 3969 412 4038 accusati
434 3969 573 4036 consiliis
595 3968 815 4047 dissereretur,
837 3967 865 4031 si
879 3985 938 4048 per
953 3966 1093 4031 criminis
1108 3972 1256 4029 naturam

207 4075 357 4144 licuisset.
390 4075 437 4138 Ac
451 4072 539 4152 prior
557 4072 684 4155 quidem
707 4069 761 4137 ille
783 4074 841 4147 est,
862 4069 918 4135 ubi
939 4068 1096 4152 choragus
1117 4072 1256 4156 enarrat,
