3100 4834
797 338 801 345 ι

324 354 599 399 ...“.ζ·ζ,,·
672 366 676 371 “

348 396 443 431 .ιο;ι
469 400 553 433 nu..
595 402 619 409 '⁸
655 426 659 431 Ι
714 369 820 435 ι-“·2
866 405 905 417 —

371 436 406 455 ,ο
460 436 538 449 ιιι
594 432 601 441 '

277 541 487 608 l'instruction
508 539 661 625 publique
682 561 722 607 en
745 541 900 626 Belgique
921 541 1051 624 (XVIII.
1072 542 1182 622 annde,
1204 542 1236 608 2.
1253 541 1336 622 lior,

278 630 383 711 Etnde
418 662 474 710 snr
515 643 750 711 l'authenticitd
779 645 824 710 du
858 645 1001 713 discours
1031 643 1227 728 d'Antiphon
1257 642 1336 730 περὶ

278 750 336 812 τοῦ
347 747 527 833 paparano),
543 747 718 813 orationem
740 747 794 813 VI.
813 747 1017 813 subditiciam
1033 753 1100 813 eta
1123 747 1335 814 recentiorum

280 857 460 933 temporum
475 850 612 934 quodam
630 848 759 915 rhetore
774 850 987 933 conscriptam
1004 868 1074 916 esse
1088 851 1221 916 censuit.
1243 850 1336 930 Quod

279 952 320 1018 ad
343 951 543 1034 probandum
568 952 670 1018 multa
691 951 786 1018 affert
800 958 1000 1034 argumenta,
1022 958 1187 1034 quactum
1204 954 1336 1034 exipsis

281 1054 376 1121 rebns
398 1062 465 1121 tum
483 1073 521 1119 ex
536 1053 576 1120 iis
591 1055 739 1137 sumpsit,
761 1074 843 1139 quae
861 1055 943 1121 inter
964 1057 1112 1138 proprias
1127 1055 1336 1137 Antiphontis

280 1157 477 1236 inveniendi,
507 1158 711 1240 disponendi,
744 1157 913 1240 eloquendi
940 1159 1080 1224 rationes
1108 1164 1142 1224 et
1172 1175 1226 1223 eas
1257 1175 1336 1238 quas

281 1258 385 1325 oratio
408 1260 448 1326 de
464 1259 618 1325 choreuta
633 1258 791 1338 exhibeat,
814 1261 969 1325 interesse
984 1260 1014 1324 ei
1028 1262 1098 1326 risa
1111 1265 1196 1325 sunt.
1231 1262 1338 1341 Atque

283 1361 432 1442 equidem
463 1370 499 1426 ut
529 1361 590 1427 hoc
611 1360 663 1428 rel
685 1363 822 1428 maxime
845 1364 1026 1442 concedam,
1055 1363 1087 1429 in
1118 1361 1262 1428 oratione
1283 1362 1338 1428 Vl.

281 1464 399 1531 multas
413 1464 548 1530 inueniri
564 1483 625 1544 res,
646 1481 729 1545 quae
752 1465 893 1531 incertae
908 1465 959 1531 rel
974 1464 1189 1532 subobscurae
1203 1471 1339 1530 naturae

282 1569 364 1647 sint,
395 1584 509 1632 vereor
537 1573 644 1632 tamen
677 1586 717 1632 ne
745 1568 880 1650 reperiri
908 1569 1032 1650 possint
1060 1587 1118 1634 eae
1148 1566 1340 1649 explanandi

281 1671 431 1750 rationes,
453 1667 569 1753 quibus
583 1687 777 1752 quamquam
792 1669 899 1737 forsan
918 1678 988 1737 tota
1002 1689 1040 1737 ac
1060 1670 1204 1753 perfecta
1219 1670 1340 1735 veritam

284 1772 373 1840 haud
395 1773 606 1853 contineatur,
632 1774 867 1840 demonstretur
890 1775 1050 1840 tamenin
1074 1772 1170 1841 rebus
1191 1773 1341 1839 absurdis

284 1876 461 1943 orationem
491 1893 552 1940 non
582 1877 711 1943 versari.
756 1875 848 1954 Quod
882 1877 998 1944 deinde
1028 1878 1071 1943 ad
1101 1876 1254 1943 orationis
1284 1876 1340 1941 Vl.

286 1978 412 2046 dicendi
435 1996 535 2061 genus
557 1979 685 2058 attinet,
708 1977 936 2062 neglegendum
952 1986 1089 2059 nonest,
1111 1997 1203 2045 omne
1217 1979 1258 2044 de
1280 1977 1340 2045 hac

285 2101 321 2149 re
332 2080 489 2164 Judicium
506 2080 593 2146 haud
609 2080 656 2147 ita
671 2100 819 2163 magnam
831 2082 897 2148 uim
908 2083 1196 2166 auctoritatemque
1211 2079 1340 2161 habere,

285 2202 381 2267 quum
396 2201 517 2266 pancas
531 2182 738 2265 Antiphontis
760 2183 920 2251 orationes
943 2190 976 2250 et
997 2202 1053 2250 eas
1072 2185 1200 2266 quidem
1218 2184 1337 2266 partim

286 2289 424 2354 minores
445 2284 565 2369 partim
597 2295 712 2352 natura
740 2287 975 2353 diversissimas
1005 2287 1229 2370 acceperimus,
1259 2287 1342 2352 unde

286 2390 461 2456 uberiorem
491 2394 525 2453 et
555 2388 754 2456 subtiliorem
786 2389 882 2470 huius
910 2391 1046 2455 oratoris
1067 2389 1267 2473 eloquentiae
1289 2407 1343 2454 no-

287 2493 406 2558 tionem
417 2491 547 2556 haurire
559 2509 619 2556 non
631 2492 736 2558 licoat.
754 2491 826 2574 (cfr.
838 2492 939 2558 Blass
952 2492 1020 2558 Att.
1032 2493 1123 2559 Βωτ.2
1132 2493 1157 2557 Ι.
1172 2513 1202 2576 p.
1217 2493 1343 2574 ltosq„

289 2595 350 2660 192
359 2596 420 2674 sq.)
452 2594 542 2673 Quae
563 2612 660 2674 quum
675 2595 723 2659 ita
737 2596 812 2675 sint,
828 2600 965 2676 apparet
978 2613 1041 2660 non
1055 2595 1099 2660 ad
1114 2594 1344 2662 defendendam

288 2703 423 2778 tantum,
444 2698 500 2762 sed
517 2697 616 2763 etiam
632 2699 673 2762 ad
689 2698 938 2780 impugnandam
953 2698 1107 2764 orationis
1121 2699 1345 2764 auctoritatem

289 2799 435 2868 cautione
457 2805 490 2864 et
513 2799 673 2864 modestia
695 2817 775 2880 opus
797 2817 875 2865 esse.

353 2906 461 2986 Atque
476 2901 672 2983 Wagenerus
688 2902 720 2967 in
736 2902 822 2967 omni
841 2900 1068 2984 disputatione,
1090 2903 1345 2986 quandoquidem

291 3008 323 3073 in
346 3004 602 3074 contentionibus
623 3011 657 3070 et
680 3004 969 3087 comparationibus
987 3025 1026 3071 ea
1042 3013 1197 3086 versatur,
1219 3006 1260 3073 ab
1283 3024 1347 3071 una

292 3109 435 3176 oratione
466 3108 505 3173 V.
541 3105 762 3188 proficiscitur.
815 3108 904 3187 Quae
935 3109 1019 3174 ratio
1047 3109 1146 3175 etiam
1178 3109 1269 3177 nobis
1297 3127 1347 3176 se-

170 3218 173 3224 “
292 3212 418 3296 quenda
439 3229 508 3277 esse
530 3210 668 3277 uidetur.
712 3209 795 3277 Nam
825 3210 962 3293 primnm
992 3213 1120 3294 quidem
1150 3213 1267 3280 nimius
1298 3217 1348 3279 est

292 3314 454 3381 hominum
484 3313 650 3379 doctorum
683 3330 834 3380 numerus
864 3315 920 3395 qui
949 3321 983 3381 et
1011 3316 1165 3383 orationis
1186 3316 1213 3381 I.
1237 3321 1271 3381 et
1300 3319 1347 3383 te-

293 3415 500 3499 traloginrum
532 3433 614 3496 quoe
643 3424 799 3483 vocantur
829 3416 925 3482 fidem
962 3426 996 3484 et
1030 3419 1253 3486 auctoritatem
1291 3422 1348 3484 aut

293 3519 465 3603 repudient
486 3524 543 3584 aut
564 3519 597 3584 in
620 3518 852 3585 dubitationem
867 3528 991 3588 vocent.
1021 3521 1143 3587 Deinde
1159 3521 1349 3605 tetralogiae

294 3628 380 3691 certe
402 3641 464 3688 non
486 3622 529 3686 ad
551 3640 643 3688 usum
666 3620 834 3704 forensem,
857 3623 914 3687 sed
936 3624 979 3688 ad
998 3625 1256 3691 exercitationem
1280 3644 1349 3689 um·

295 3726 444 3794 bratilem
466 3725 666 3807 conscriptae
688 3731 771 3803 sunt,
803 3742 902 3805 quare
933 3725 1060 3792 illarum
1091 3726 1218 3793 dicendi
1247 3745 1349 3809 genus

296 3829 421 3911 longius
443 3827 563 3894 recedit
590 3827 631 3893 ab
654 3828 797 3892 oratione
819 3826 857 3892 V.
900 3828 971 3894 Non
992 3828 1066 3909 plus
1087 3846 1184 3910 quam
1209 3829 1284 3897 illae
1306 3830 1349 3894 ad

296 3949 363 3996 rem
385 3931 581 4014 propositam
602 3928 708 3996 facere
730 3930 859 3996 ridetur
880 3932 983 3997 oratio
1004 3931 1039 4010 1.‚
1070 3950 1166 4013 quam
1197 3932 1254 3998 alii
1275 3932 1350 3998 sub·

297 4034 450 4121 ditiorum,
471 4033 527 4100 alii
549 4031 822 4117 declamationem,
849 4033 904 4110 alii
927 4042 1091 4115 tamquam
1113 4036 1351 4120 Antiphonteae
