3100 4834
516 382 784 463 '-45-

161 566 253 631 nullos
274 565 403 649 habere,
437 574 570 649 ecquos
592 568 712 635 hebere
733 568 857 650 possint
879 585 1044 634 recusasse
1074 568 1202 634 demon-

159 674 286 735 stratum
317 671 369 735 sit.
420 671 513 749 Quod
544 690 617 737 vero
649 673 845 754 Wageuerus
877 671 1128 752 disputationem
1166 677 1203 736 ut

159 771 299 838 insulsam
330 773 511 856 vituperat,
543 775 625 857 §28
654 775 751 840 etiam
782 775 813 838 in
836 793 881 839 or.
903 773 941 840 V.
964 775 982 856 ξ
1005 775 1048 841 84
1075 773 1203 856 legitur,

31 878 33 897 ²
158 875 225 940 talis
246 876 373 957 quidem
397 876 451 959 ibi,
473 895 554 958 quae
577 878 671 942 simul
694 878 734 942 ad
753 877 861 942 divina
882 876 939 942 illa
961 877 1052 958 sigua
1075 894 1202 943 revoce-

31 994 33 1023 =
159 982 215 1041 tur.
258 977 363 1045 Etiam
388 981 564 1046 sententiae
586 976 694 1045 καίτοι
717 973 824 1044 δεινόν
845 1017 887 1026 -
909 974 1049 1044 ι’ίιιιστοι
1072 973 1201 1044 ἔσονται

31 1060 32 1105 ³
156 1080 264 1146 similia
287 1083 444 1164 quaedam
468 1082 606 1163 invenio,
628 1084 745 1166 quibus
766 1083 906 1148 deterior
920 1082 976 1150 illa
991 1101 1060 1148 esse
1075 1083 1201 1163 nequit:

31 1258 33 1275 q
156 1199 196 1247 or.
218 1183 254 1249 V.
279 1184 297 1266 ξ
319 1185 361 1250 38
384 1204 478 1268 quem
502 1205 600 1269 snpra
622 1187 804 1269 accivimus,
827 1190 861 1250 et
883 1186 901 1267 ξ
923 1185 975 1267 84,
998 1204 1081 1268 quae
1104 1187 1202 1250 etiam

31 1330 33 1349 .
154 1285 183 1350 iu
216 1305 261 1352 or.
292 1287 346 1354 Vl.
377 1289 459 1371 §47
490 1289 617 1371 legitur.
664 1290 700 1354 In
735 1290 775 1355 iis
806 1308 880 1354 vero
914 1308 995 1371 quae
1026 1294 1203 1371 sequuntur

154 1389 296 1470 equidem
320 1391 399 1456 nihil
421 1391 547 1456 invenio
569 1393 653 1472 quod
677 1391 829 1457 minorem
852 1391 970 1458 habeat
985 1391 1049 1456 vim
1064 1391 1105 1456 ad
1129 1409 1200 1473 per-

153 1493 357 1575 suadendum,
380 1512 480 1575 neque
494 1495 688 1576 Wagenerus
710 1494 891 1576 hujusmodi
915 1495 1089 1576 quidquam
1111 1506 1201 1558 note·

152 1593 212 1676 vit,
250 1603 476 1678 praeterquam
509 1598 594 1678 quod
624 1597 769 1679 ineptum
806 1615 875 1663 esse
908 1598 956 1661 eit
983 1597 1062 1661 illud
1094 1597 1112 1679 q
1143 1596 1201 1663 30:

153 1689 235 1762 ὅπου
265 1695 409 1785 μὲνγὰρ
432 1692 517 1784 λόγῳ
539 1723 591 1776 τις
613 1695 766 1765 διδάσκοι
789 1697 867 1788 περὶ
888 1701 953 1763 τῶν
974 1696 1202 1787 πραχθέντων,

150 1792 314 1887 μα’ρινρας
336 1799 372 1865 δὲ
394 1799 439 1888 μὴ
461 1799 648 1889 παρέχοιτο,
670 1798 843 1890 μαρτύριον
857 1798 898 1868 ἄν
915 1826 968 1880 τις
989 1800 1064 1880 τοὺς
1086 1796 1201 1885 λόγους

149 1898 281 1980 τούτους
303 1899 424 1981 ἐνδεεῖς
446 1900 526 1990 φαίη
548 1896 643 1971 εἶναι.
688 1908 733 1971 At
754 1907 832 1973 haec
861 1906 1019 1971 sententia
1041 1925 1105 1971 una
1129 1923 1200 1971 cum

148 2025 184 2070 ea
215 2024 298 2087 quae
329 2007 474 2088 sequitur
504 2008 718 2092 intellegenda
747 2015 814 2075 est:
846 2002 932 2074 ὅπου
968 2006 1005 2074 δὲ
1032 2002 1202 2095 μα’ρινρας

148 2104 206 2189 μὲν
236 2104 414 2194 παρέχοιτο
444 2109 513 2175 κτλ.
559 2112 642 2192 Quid
673 2112 781 2177 euim?
811 2111 839 2178 si
868 2118 976 2178 orator
1004 2111 1096 2178 dicit:
1129 2111 1201 2192 jure

150 2209 306 2277 diffiditur
327 2232 388 2277 non
410 2215 504 2279 modo
526 2215 553 2280 si
577 2215 649 2297 quis
672 2216 769 2279 verba
792 2213 981 2280 testimoniis
997 2232 1057 2279 non
1071 2215 1196 2296 probat,

148 2314 200 2378 sed
224 2314 321 2380 etiam
345 2316 372 2382 si
395 2322 496 2382 testes
519 2337 590 2385 cum
613 2317 741 2383 indiciis
771 2336 853 2399 quae
884 2317 1019 2400 protulit
1041 2337 1101 2382 non
1125 2335 1198 2382 con-

31 2452 33 2479 t
147 2418 293 2499 veniunt;
334 2438 393 2503 ego
422 2439 497 2486 vero
528 2428 598 2498 etc,
634 2421 712 2504 quid
742 2422 843 2502 inepti
874 2421 947 2486 est?
998 2420 1198 2504 Quamquam

31 2564 33 2599 q
146 2516 248 2586 forsan
283 2523 442 2606 quispiam
464 2544 535 2589 eum
566 2525 661 2590 nimis
691 2523 928 2591 dialecticorum
957 2543 1044 2589 more
1074 2523 1199 2607 singula

31 2662 32 2691 ς
147 2622 297 2706 amplecti
321 2625 418 2690 dicet.
462 2629 568 2710 Atque
590 2628 715 2691 omnino
737 2629 765 2692 si
788 2628 865 2710 quid
888 2628 968 2693 adeo
990 2628 1021 2692 in
1045 2632 1115 2692 tota
1137 2626 1197 2693 hec

146 2727 299 2794 orationis
321 2735 413 2811 parte
435 2729 592 2812 (rs-32)
614 2730 878 2812 reprehendetur,
899 2748 970 2795 eum
992 2729 1117 2795 Blassio
1139 2729 1198 2794 hoc

31 2830 33 2879 ἐ
146 2826 209 2894 fore
232 2836 324 2912 puto,
347 2831 431 2912 quod
454 2832 556 2897 omnis
577 2830 643 2896 fere
665 2832 806 2898 locorum
828 2832 1039 2898 communium
1061 2830 1197 2914 speciem

147 2949 222 3011 prae
245 2951 281 2999 se
304 2932 397 2999 ferat.
429 2932 551 3011 Quibus
574 2934 605 2999 in
629 2935 865 3002 conscribendis
887 2934 955 3000 fieri
978 2953 1038 2999 non
1062 2940 1198 3017 poterat,

31 3050 33 3097 2
145 3034 218 3116 quin
241 3054 398 3119 persaepe
426 3057 447 3101 a
475 3038 583 3104 vivido
613 3042 646 3103 et
676 3039 825 3121 expedito
853 3058 968 3120 genere
999 3037 1115 3104 forensi
1146 3057 1196 3103 re·
1229 3112 1234 3122 .
1282 3100 1284 3104 .

145 3139 271 3205 cederet
293 3139 396 3204 oratio
418 3147 450 3204 et
472 3139 671 3208 dialecticam
695 3149 822 3223 saperet
850 3140 921 3223 (cfr.
944 3140 1044 3206 Blass.
1067 3160 1098 3222 p.
1126 3141 1197 3220 196,

144 3240 205 3307 201
216 3244 291 3325 sq).
334 3242 498 3324 Ejusmodi
524 3250 631 3308 autem
662 3244 746 3310 locos
778 3250 903 3311 ueteres
931 3243 1019 3308 haud
1048 3245 1096 3309 ita
1124 3262 1197 3325 per·

144 3341 304 3412 horruisse
341 3347 468 3430 egregie
502 3347 610 3413 docuit
638 3347 783 3413 Blassius
814 3347 886 3429 (ΙΙΙ.
915 3366 946 3429 p.
971 3348 1036 3432 74).
1087 3347 1197 3428 Ipsum

145 3448 225 3512 enim
258 3449 505 3516 Demosthenem
536 3451 677 3516 ostendit
708 3468 768 3516 non
802 3450 965 3516 dubitasse
998 3468 1093 3533 saepe
1125 3468 1195 3515 ora-

144 3549 286 3618 tionibus
308 3552 392 3618 locos
414 3554 562 3633 inserere,
583 3570 662 3634 quos
684 3562 717 3619 et
739 3553 803 3620 alio
825 3559 968 3637 tempore
983 3560 1016 3619 et
1031 3553 1094 3619 alio
1113 3559 1198 3619 tam-

146 3669 237 3732 quam
262 3655 358 3721 animi
375 3655 514 3737 impulsu
530 3658 778 3739 conscripsisset.
811 3656 921 3738 Neque
938 3657 1019 3722 enim
1036 3657 1195 3722 orationes

146 3757 311 3840 scripsisse
335 3768 371 3824 ut
392 3759 584 3842 legerentur,
607 3760 797 3843 minimeque
819 3760 859 3826 ab
883 3761 1062 3826 hominibus
1076 3758 1195 3826 criticis

147 3866 177 3923 et
198 3860 326 3942 inuidis,
348 3863 404 3928 sed
427 3870 464 3928 ut
486 3862 692 3944 audirentur;
715 3862 919 3930 audientibus
941 3881 1017 3928 vero
1039 3862 1195 3945 ejusmodi

144 3960 219 4029 locis
234 3965 322 4030 haud
339 3965 434 4033 dubie
448 3985 635 4048 persuasum
651 3984 728 4045 esse,
745 3985 846 4050 neque
857 3985 911 4032 eos
922 3965 1193 4045 animadvertisse,

147 4064 256 4155 siqua
277 4088 350 4136 cum
372 4071 488 4137 ceteris
510 4070 615 4136 minus
637 4069 855 4150 convenirent,
879 4069 989 4150 Neque
1011 4086 1086 4134 sane
1108 4070 1193 4153 quod
