3100 4834
624 368 836 434 ...31-

206 537 303 603 etiam
327 538 484 623 choragus
506 539 624 606 ibidem
647 540 760 623 adfuit,
783 561 803 606 a
826 540 891 606 reri
914 539 1011 607 simili
1034 539 1181 608 recedere
1195 558 1257 604 non

204 641 341 707 videtur.
376 640 479 719 Quum
503 643 585 707 enim
609 662 714 709 coram
733 643 896 725 judicibus
910 642 1108 709 Philocrates
1131 661 1257 707 causam

107 758 112 763 ·
203 761 294 809 suarn
316 743 484 828 proferret,
507 764 608 812 nonne
630 744 781 811 facillime
804 746 920 827 aliquis
942 745 974 810 in
991 752 1081 811 tanto
1095 745 1258 810 hominum

205 865 336 912 numero
364 848 603 927 inveniebatur,
633 848 687 928 qui
718 848 911 931 choragum,
941 849 1139 914 notissimum
1172 849 1258 912 haud

204 948 302 1014 dubie
325 956 358 1014 et
379 956 544 1032 spectatae
574 951 751 1018 honestatis
782 951 902 1033 virum,
936 952 976 1016 de
1007 957 1097 1016 tanto
1128 950 1258 1018 crimine

204 1070 300 1133 quam
323 1053 488 1118 celerrime
509 1054 675 1119 certiorem
698 1054 828 1132 faceret,
849 1061 886 1119 ut
908 1053 1078 1119 amicorum
1103 1073 1170 1119 mos
1185 1054 1259 1119 est?

204 1154 288 1220 Nam
311 1157 365 1237 qni
388 1156 517 1238 quidem
538 1158 681 1238 proximo
705 1158 756 1222 die
780 1176 851 1223 curn
875 1157 1010 1221 incuria
1027 1174 1259 1222 securnmcum

206 1258 388 1324 Philocrate
411 1258 649 1342 conloquentem
673 1260 822 1326 viderant
841 1259 874 1341 (ξ
888 1258 956 1340 40),
979 1278 1049 1323 eum
1066 1276 1100 1323 se
1115 1257 1259 1324 veneficii

205 1361 299 1442 argui
322 1362 442 1427 nescire
465 1361 700 1443 intellegebant.
734 1361 899 1443 Choragus
914 1362 1029 1428 deinde
1051 1362 1083 1426 in
1102 1362 1258 1442 judicium

204 1463 402 1545 properavit,
424 1483 485 1529 non
508 1470 585 1545 tam,
616 1464 698 1531 sicut
720 1485 780 1546 par
802 1471 888 1542 erat,
919 1473 955 1530 ut
977 1464 1038 1529 sibi
1059 1468 1187 1545 postero
1209 1465 1261 1529 die

205 1584 354 1632 accusare
376 1566 505 1648 liceret,
539 1586 633 1650 quam
661 1574 698 1633 ut
725 1568 915 1633 calumniam
938 1566 1025 1632 illam
1047 1566 1131 1632 illico
1155 1584 1260 1632 coram

205 1669 318 1733 iisdem
342 1667 436 1751 plane
451 1669 621 1750 refelleret,
643 1670 697 1750 qui
715 1688 784 1735 eam
800 1671 894 1752 primi
910 1669 1120 1735 audivissent.
1154 1668 1261 1745 Quare

205 1790 305 1853 quum
328 1772 357 1836 ei
379 1772 483 1838 minus
505 1791 576 1839 cum
600 1772 823 1846 thesmothetis
852 1791 903 1838 res
933 1777 1035 1850 esset,
1069 1772 1109 1836 ad
1135 1772 1262 1853 jndices

204 1874 314 1956 potius
337 1870 406 1939 tn'm
429 1874 527 1940 verba
555 1873 646 1957 fecit,
680 1881 715 1940 ut
737 1875 771 1940 hi
794 1893 828 1939 se
850 1875 953 1939 omnis
975 1873 1087 1956 culpae
1121 1875 1261 1940 nescium

204 1995 276 2041 esse
299 1976 527 2043 existimarent.
571 1978 620 2042 Ea
647 1977 747 2058 igitur
769 1978 810 2042 de
833 1995 927 2042 causa
950 1982 1134 2042 accusatum
1156 1978 1262 2043 dicere

205 2086 305 2161 puto,
338 2098 406 2147 sese
439 2080 549 2146 statim
582 2098 688 2147 coram
719 2080 831 2145 iisdem
856 2079 1019 2162 judicibus
1052 2079 1261 2162 suspicionem

206 2182 387 2263 sustulisse,
410 2185 495 2265 apud
519 2202 598 2265 quos
620 2184 681 2250 sibi
704 2202 724 2249 a
746 2182 927 2249 Philocrate
949 2183 1041 2249 illata
1062 2187 1162 2249 esset:
1190 2184 1263 2259 τοῖς

207 2278 321 2362 αὐτοῖς
351 2285 524 2363 δικασταῖς
552 2280 658 2366 ἔλεξα.
702 2285 815 2369 Itaque
846 2304 917 2352 mea
946 2285 1074 2366 quidem
1105 2285 1262 2351 sententia

206 2408 248 2454 ex
269 2389 320 2455 his
341 2390 447 2455 verbis
476 2389 620 2456 concludi
652 2390 761 2470 nequit
783 2388 994 2454 Philocratem
1019 2407 1142 2472 quoque
1163 2388 1262 2455 verba

207 2494 250 2556 ad
270 2493 394 2575 judices
415 2493 523 2575 potius
545 2512 640 2575 quam
673 2493 714 2558 ad
736 2492 969 2557 thesmothetas
992 2490 1115 2558 fecisse.
1146 2529 1187 2537 —
1218 2493 1263 2556 At

208 2597 403 2676 Wagenerus
425 2597 580 2661 rationem
603 2614 667 2677 qna
689 2595 887 2677 Philocrates
909 2595 951 2659 ad
966 2596 1262 2676 procrastinandam

206 2699 375 2780 peculatus
407 2700 564 2764 actionem
597 2717 671 2764 usus
702 2699 763 2778 sit,
795 2703 831 2764 nt
852 2697 966 2763 falsam
988 2699 1170 2779 vituperat:
1199 2697 1263 2779 „Oe

208 2799 287 2883 qu'il
308 2821 329 2884 y
352 2803 440 2868 avait
461 2801 482 2866 a
503 2800 600 2884 faire,
633 2802 661 2867 si
692 2801 753 2866 l’on
784 2800 906 2867 roulait
935 2800 1102 2882 empdcher
1129 2800 1264 2865 l’accusd
1306 2877 1313 2886 ,

208 2907 251 2968 de
281 2905 467 2985 poursuivre
500 2922 556 2970 son
593 2906 698 2970 action
737 2910 845 2969 contre
875 2903 1019 2969 Philinus
1049 2908 1083 2967 et
1112 2903 1263 2982 Aristion,

210 3007 320 3073 c'etait
342 3006 498 3073 d'ohtenir
520 3014 630 3073 contre
652 3006 708 3086 lui,
731 3008 770 3073 de
792 3007 825 3072 la
847 3015 922 3088 part
941 3008 982 3071 de
996 3004 1263 3088 l'drcbonte·Roi,

208 3130 273 3176 une
295 3109 424 3176 defense
446 3109 563 3176 d'ester
579 3130 616 3175 en
635 3110 753 3192 justice
774 3102 966 3195 (ἀπογραφή
987 3107 1137 3188 „[dicitur
1152 3130 1263 3194 παρα-

213 3209 324 3300 γραφή
332 3213 397 3297 1]“),
412 3220 445 3279 et
461 3214 500 3279 de
516 3212 561 3279 lui
572 3232 706 3295 opposer
718 3219 802 3280 cette
814 3211 977 3293 exception
988 3208 1264 3293 d’incompetence.

210 3316 295 3382 Mais
317 3316 394 3383 c’est
415 3317 590 3382 seulement
611 3316 642 3381 le
663 3314 841 3382 lendemain
871 3331 932 3395 que
954 3312 1136 3380 Philocrate
1158 3319 1192 3380 et
1214 3333 1264 3380 ses

210 3427 453 3487 coaccusateurs
486 3418 678 3486 s’adressent
710 3415 936 3484 al'hrchonte
966 3411 1136 3494 Βασιλεύς.
1189 3416 1265 3483 Cela

210 3522 333 3590 resulto
355 3523 541 3590 clairement
562 3524 619 3602 des
640 3523 678 3605 ἐξ
699 3523 740 3588 37
756 3529 790 3587 et
805 3521 877 3587 38.“
910 3521 1008 3587 Recte
1030 3539 1115 3587 sane.
1146 3521 1264 3600 Quam·

211 3644 308 3708 quam
330 3627 413 3693 ratio
435 3627 492 3692 illa
513 3644 625 3708 parum
651 3625 804 3706 legitima,
833 3644 897 3708 qua
918 3628 1085 3690 accusator
1104 3641 1183 3700 ,osus
1205 3630 1264 3704 est,

210 3729 292 3795 mihi
321 3729 449 3812 quidem
482 3749 503 3795 a
530 3728 757 3811 probabilitate
788 3728 916 3793 minime
949 3727 1097 3793 recedere
1128 3726 1264 3791 videtur.

211 3833 262 3899 An
292 3834 364 3918 quis
394 3841 443 3898 est
473 3834 549 3917 quin
582 3831 773 3899 Philocratis
808 3830 1058 3897 criminationem
1092 3829 1264 3894 admodum

212 3937 425 4013 temerariam,
455 3935 615 4001 fallaciam
644 3935 737 4000 nimis
768 3934 967 4016 perspicuam
1002 3949 1070 3997 esse
1102 3932 1266 4013 concedat,

211 4056 311 4126 quum
333 4044 522 4123 argumenta
551 4037 732 4123 probabilia
763 4038 829 4103 fero
861 4036 947 4102 nulla
979 4034 1148 4116 protulisse
1178 4034 1266 4103 ride·
