3100 4834
745 366 960 432 ..13-

326 535 483 617 ponant
518 534 697 602 Passouius
717 542 827 601 autem
849 535 930 617 legis
951 534 1039 600 illius
1061 552 1143 615 quae
1164 535 1251 616 apud
1273 533 1380 600 Ando-

326 638 430 704 cidem
453 646 560 704 exstat
581 637 712 704 verbnm
733 633 956 720 βουλεύσαντα
977 643 1024 720 (p.
1044 638 1097 719 17)
1119 636 1167 703 sie
1189 637 1380 720 interpreta-

327 747 399 806 tur:
422 760 513 822 „eum
536 743 610 825 quis
631 741 765 806 insidiis
778 740 979 807 machinatus
994 740 1154 822 quaslibet
1169 739 1382 806 clandestinas

326 851 461 908 mortem
490 844 689 927 paraverit“,
719 848 822 909 totam
851 843 953 926 legem
985 843 1031 926 (p.
1056 843 1111 924 l‘t)
1138 844 1201 909 sic:
1233 842 1282 925 „si
1311 842 1381 924 quis

326 945 477 1011 insidiose
499 946 700 1012 machinatus
715 945 872 1011 interiecit
889 946 1037 1024 alterum,
1059 945 1091 1010 iu
1107 945 1217 1010 eodem
1234 953 1381 1011 teneatur

326 1068 365 1114 ao
385 1050 414 1115 si
435 1056 600 1115 cruentam
621 1050 750 1116 eaodem
773 1048 931 1115 lecisset.“
963 1048 1117 1114 Similiter
1135 1048 1203 1130 jam
1219 1046 1381 1114 Hellterns

327 1151 419 1235 (Atln
441 1150 746 1235 Geriehtsuerlussg.
770 1152 870 1231 1822,
899 1171 932 1235 p.
956 1152 1035 1232 140)
1065 1147 1238 1233 βούλευσιν
1259 1151 1381 1232 neeepit

325 1272 385 1336 pro
405 1253 661 1335 „Menehelmord
683 1254 750 1319 und
770 1254 988 1336 hinterlistige
1002 1254 1183 1335 Todtnugt
1217 1253 1281 1319 Sed
1303 1271 1379 1335 quo·

326 1357 420 1422 modo
448 1359 579 1424 tandem
609 1375 681 1421 enm
712 1357 771 1423 tali
803 1357 988 1423 defiuitione
1016 1357 1164 1422 convenit
1195 1357 1281 1439 quod
1312 1357 1380 1437 ipse

328 1460 505 1527 Passouius
527 1462 573 1545 (p.
596 1461 654 1544 22)
675 1462 786 1527 docet:
817 1459 896 1540 „ubi
918 1461 1001 1526 dune
1022 1460 1083 1525 sibi
1106 1467 1309 1542 opponuntur
1330 1478 1380 1522 ru-

326 1564 430 1630 tiones
443 1559 531 1647 χειρί
545 1557 790 1645 -βουλεύσας,
813 1563 844 1626 iu
860 1563 921 1628 hoo
935 1563 977 1628 de
992 1562 1065 1628 dolo
1080 1561 1164 1627 malo
1186 1561 1266 1627 nihil
1288 1562 1380 1640 inest,

327 1683 387 1731 non
409 1666 482 1748 plns
504 1665 587 1730 inest
608 1683 704 1747 qnam
726 1666 758 1731 in
789 1665 897 1747 priore
925 1665 981 1731 illo
1009 1661 1094 1751 χειρί
1100 1693 1111 1744 ,·
1141 1663 1244 1729 solnm
1274 1663 1381 1746 agitur

327 1769 368 1833 de
397 1767 575 1835 redonibus
604 1767 774 1834 manifesta
796 1805 838 1814 -
860 1787 919 1834 nec
940 1767 1161 1834 monilesw?
1204 1769 1250 1832 At
1279 1785 1381 1849 oppo-

327 1877 446 1937 nuntur
468 1872 499 1936 in
521 1871 592 1952 lege
617 1870 820 1952 Andociden,
850 1870 904 1936 nbi
932 1871 1063 1937 verbum
1084 1865 1263 1953 βουλεύσας
1284 1870 1379 1936 inter-

327 1981 494 2054 pretatur:
515 1972 667 2039 insidiose
689 1972 899 2039 machinatus.
927 1973 1100 2040 Praeterea
1122 1973 1302 2040 Andocides
1323 1974 1379 2038 ad·

326 2094 438 2142 uersus
459 2076 622 2156 Meletum‚
644 2076 765 2158 qnippe
779 2076 835 2156 qui
856 2070 1015 2152 ἑκουσίως
1035 2075 1158 2158 feeerit,
1180 2076 1282 2158 legem
1303 2096 1380 2159 pro-

325 2178 411 2244 ferre
432 2196 493 2244 non
516 2186 634 2260 potest,
663 2196 727 2260 qua
748 2179 789 2241 de
810 2178 884 2243 dolo
907 2179 991 2244 melo
1023 2198 1082 2244 non
1113 2180 1232 2261 agitur.
1274 2181 1380 2261 Atque

327 2299 422 2362 qnam
445 2281 486 2346 ob
508 2301 574 2347 rem
590 2287 729 2362 censeat,
751 2281 877 2363 quoties
888 2273 1038 2367 αύσύχειρ
1054 2287 1087 2347 et
1101 2278 1282 2363 βουλεύσας
1297 2282 1381 2347 inter

326 2403 363 2450 se
383 2392 595 2467 opponantur,
617 2382 649 2448 in
673 2383 733 2449 hoo
755 2382 835 2447 nihil
851 2382 914 2448 doli
931 2383 1006 2448 meli
1023 2383 1135 2463 inesse,
1157 2384 1303 2466 equidem
1320 2401 1379 2448 non

326 2488 462 2568 inuenio,
485 2486 544 2551 nisi
566 2493 699 2569 propter
720 2504 766 2550 or.
788 2487 829 2551 de
851 2484 938 2552 chor.
959 2486 999 2569 ἓξ
1016 2488 1057 2551 16
1072 2493 1104 2551 et
1121 2488 1161 2552 19
1183 2487 1230 2552 ita
1247 2488 1380 2567 judicat,

327 2608 409 2672 quae
431 2588 536 2655 hercle
557 2588 623 2653 tale
644 2589 820 2671 quidquam
850 2608 912 2654 non
934 2588 1082 2672 probant.
1106 2625 1148 2633 -
1171 2588 1378 2670 Pergith

327 2692 443 2758 sowius
464 2692 509 2774 (p.
531 2692 588 2774 23)
610 2692 675 2756 sie:
708 2711 820 2772 „nemo
843 2700 879 2756 ut
900 2692 1013 2775 opinor
1034 2690 1198 2757 dubitabit
1225 2691 1300 2772 quin
1322 2691 1380 2756 im-

326 2795 502 2876 prudenter
532 2795 604 2874 qnis
632 2794 735 2877 possit
774 2793 910 2859 alterum
943 2793 1122 2861 interficere
1160 2794 1283 2859 ratione
1319 2813 1381 2859 non

328 2896 535 2977 manifesta“‚
566 2903 663 2979 utque
692 2896 757 2961 tale
786 2896 909 2979 aliquid
933 2892 1104 2978 βούλευσιν
1126 2889 1201 2961 ἄνευ
1222 2890 1381 2980 προνοίας

327 3018 396 3066 esse
431 3000 565 3082 judicat
615 2999 761 3082 Exempli
791 3017 887 3064 eausa
925 2999 1017 3065 aflert
1050 3001 1135 3083 quod
1170 3000 1201 3064 in
1239 2998 1382 3066 Platonis

327 3102 508 3187 Enthyphr,
535 3104 557 3168 4
587 3108 772 3169 enarratur:
810 3101 1051 3186 Euthyphronis
1087 3109 1181 3186 puter
1213 3102 1380 3183 hominem,

328 3206 383 3289 qui
404 3225 530 3273 servum
551 3209 620 3290 ejus
645 3206 816 3286 occiderat,
848 3206 994 3271 eruribus
1017 3206 1226 3290 manibusque
1247 3206 1381 3288 ligatum

328 3310 359 3374 in
382 3307 500 3376 fossam
521 3311 686 3392 injecerat,
718 3311 912 3393 miseratque
935 3310 1079 3376 Athenas
1100 3310 1156 3394 qui
1178 3309 1218 3377 ab
1241 3309 1382 3393 erogetis

327 3420 534 3494 quaererent,
565 3414 643 3496 quid
671 3415 719 3480 illi
740 3414 861 3480 homini
892 3413 1073 3481 laciendum
1102 3422 1196 3480 esset.
1241 3413 1381 3491 Quorum

328 3522 404 3581 ante
426 3516 563 3581 reditum
584 3516 638 3583 ille
653 3517 685 3582 in
702 3517 789 3582 lossa
803 3515 887 3582 fame
909 3536 947 3583 oe
969 3515 1089 3600 frigore
1111 3515 1200 3583 obiit.
1236 3517 1282 3581 At
1304 3514 1382 3581 mihi

328 3619 457 3701 quidem
478 3619 607 3686 uincula
628 3626 661 3685 et
689 3619 721 3684 in
750 3618 870 3684 fossam
904 3618 1050 3702 injectio,
1080 3636 1272 3702 quamquam
1303 3617 1383 3684 haee

329 3720 397 3788 solo
412 3722 524 3787 monis
545 3740 642 3788 eausa
663 3742 723 3788 non
746 3720 818 3804 fuit,
841 3723 925 3787 ratio
948 3741 1017 3789 esse
1040 3723 1190 3789 videntur
1212 3720 1292 3786 satis
1313 3739 1382 3786 ma·

329 3821 454 3891 niiesta.
508 3825 630 3891 Deinde
661 3825 740 3906 quid
772 3824 1016 3908 Euthyphronis
1047 3832 1143 3908 puter
1173 3822 1265 3904 lecit,
1297 3824 1382 3905 quod

327 3921 491 4008 βουλεύου
518 3927 680 4010 appellare
708 3927 889 4009 possimus?
933 3930 1024 4008 Quod
1054 3929 1205 4007 uerbum,
1236 3934 1273 3992 ut
1303 3927 1383 3993 mihi

328 4030 457 4115 quidem
478 4031 618 4112 videtur,
640 4036 698 4096 aut
720 4028 879 4112 significet
901 4050 1028 4099 neeesse
1050 4039 1115 4099 est:
1145 4031 1264 4096 suadeo
1285 4029 1384 4099 alicui
