3100 4834
645 389 838 456 ..5-

285 557 389 635 Quare
412 560 564 626 adeamus
587 559 681 640 loona,
710 562 826 644 quibus
856 562 887 627 in
911 560 1141 626 dubitationem
1164 560 1269 629 induci

219 659 370 727 solebant.
415 664 462 729 Ac
484 662 621 743 primum
652 664 780 744 quidem
803 665 888 747 quod
911 670 1019 729 orator
1041 665 1059 747 ξ
1082 665 1103 729 3
1134 663 1270 751 φονικὰς

219 759 320 845 δίκας,
343 766 362 848 ξ
380 766 401 830 4
422 763 468 853 μὴ
489 759 567 829 ύνια
585 763 687 851 φονέα
702 765 776 852 μηδ’
792 762 900 846 ἔνοχον
917 768 963 852 τῷ
979 761 1070 852 λογῳ,
1095 768 1113 848 ξ
1129 768 1149 831 9
1168 762 1270 853 φόνου

218 862 390 944 διώκοντες
420 868 508 948 dicit,
541 874 628 933 recte
650 868 779 934 ridetur
800 869 980 952 Philippins
1010 870 1041 935 in
1072 869 1153 934 libro
1175 889 1267 952 quem

217 970 401 1051 inscripsit:
433 970 499 1034 Der
522 971 670 1052 Areopag
698 971 761 1035 und
796 972 847 1036 die
877 970 1039 1051 preten,
1069 992 1099 1054 p.
1123 973 1174 1052 35,
1204 992 1269 1038 mo·

217 1073 333 1153 unisse,
356 1072 475 1137 talibus
496 1072 604 1140 verbis
627 1074 666 1138 de
689 1073 758 1155 ipso
782 1073 910 1138 crimine
933 1073 1009 1138 nibii
1033 1074 1124 1155 effici,
1150 1077 1267 1158 quippe

217 1193 300 1256 quae
322 1181 355 1241 et
381 1177 555 1259 generatim
587 1177 779 1258 dictasint,
811 1182 843 1241 et
865 1177 983 1258 partim
1013 1177 1044 1241 in
1073 1177 1157 1244 locos
1186 1196 1269 1243 corn·

218 1296 330 1344 munes
351 1279 503 1361 incidant,
535 1300 613 1364 quos
642 1283 682 1345 ad
706 1280 871 1363 quodlibet
893 1298 1060 1346 causarum
1083 1282 1267 1361 capitalium

218 1399 318 1462 genus
339 1383 509 1466 adaptatos
531 1403 601 1450 csse
623 1389 788 1467 appareat.
833 1385 952 1448 Locum
984 1383 1026 1446 ad
1057 1381 1267 1448 definiendum

218 1482 334 1549 crimen
358 1489 568 1554 certissimum
592 1507 663 1553 cum
676 1486 943 1554 Forchhammero
964 1486 1140 1567 ceterisque
1162 1505 1267 1552 cense-

217 1582 321 1652 bimus
342 1608 412 1656 esee
443 1592 461 1674 ὅ
486 1595 543 1658 16:
574 1588 613 1672 ἐξ
640 1584 747 1655 αὐτῶν
769 1588 806 1654 δὲ·
828 1584 952 1654 τούτων
980 1585 1040 1676 χρὴ
1068 1590 1215 1669 σκοπεῖν,
1243 1614 1265 1654 α

216 1710 251 1754 τε
274 1678 363 1756 οὗτοι
387 1688 594 1777 διωμόσαντο
615 1690 672 1758 καὶ
695 1682 806 1777 dtyd,
829 1687 964 1778 πότεροι
987 1683 1191 1779 ἀληθέστερα
1213 1690 1269 1757 καὶ

214 1784 415 1880 εὐορκότερα.
455 1790 662 1879 διιομόσανιο
703 1794 740 1860 δὲ
777 1787 866 1861 οὗτοι
906 1793 966 1879 μὲν
998 1787 1196 1860 ἀποκτεῖναί
1227 1818 1268 1878 με

216 1892 378 1962 Διόδοιον
398 1893 618 1981 βουλεύσαντα
640 1895 697 1964 τὸν
719 1894 875 1979 θάνατον,
898 1894 960 1982 ἐγώ
982 1896 1020 1962 δὲ
1041 1896 1087 1986 μὴ
1107 1889 1266 1962 α’σιοκιεῖ-

215 2023 284 2079 ναι,
315 1996 395 2088 price
415 1998 500 2086 χειρὶ
522 1997 742 2089 ἐργασάμενος
763 1998 843 2089 μήτε
864 1997 1051 2086 βουλεύσας.
1094 2002 1163 2067 Hoc
1183 2001 1266 2066 enim

214 2102 282 2169 loco
313 2109 468 2171 oratorem
503 2104 600 2171 rerba
630 2111 664 2171 et
694 2106 740 2172 rei
769 2110 804 2170 ct
833 2104 1043 2184 accusatoris,
1072 2123 1154 2186 quae
1179 2105 1267 2186 jure-

210 2206 349 2288 jurando
379 2213 513 2290 uterque
543 2206 740 2288 firmaverat,
771 2218 921 2274 accurate
949 2207 1091 2290 proferre
1120 2214 1266 2289 apparet.

215 2309 339 2392 Itaque,
362 2314 399 2375 ut
416 2313 483 2394 jam
501 2329 583 2377 nunc
601 2328 799 2377 communem
821 2305 1019 2393 βουλεύσεως
1042 2308 1266 2391 definitionem,

216 2410 299 2477 infra
321 2415 518 2496 argumentis
540 2413 748 2496 probandam,
780 2431 957 2496 sequamur,
980 2413 1151 2495 choragum
1175 2431 1265 2479 accu-

216 2520 321 2580 satum
351 2533 420 2582 esse
450 2517 606 2597 dicemur,
638 2517 723 2597 quod
752 2516 889 2582 aiterum
919 2516 1078 2599 quendam
1108 2516 1150 2580 ad
1172 2534 1266 2581 rene-

216 2615 334 2698 ficinm,
367 2619 388 2683 i.
407 2639 433 2684 e.
458 2619 498 2685 ad
525 2638 678 2685 uenenum
699 2619 1005 2701 praebendum,
1036 2619 1267 2685 subornaverit.

215 2720 333 2788 Vocem
347 2717 525 2805 βουλεύσας
546 2741 566 2788 a
582 2742 635 2789 reo
650 2723 818 2805 perspicue
834 2721 1011 2803 oppositam
1030 2739 1099 2787 ease
1114 2728 1204 2786 notes
1219 2722 1266 2786 illi

213 2821 296 2910 χειρὶ
312 2819 539 2913 ἐργασάμενος.
578 2828 684 2894 Haece
705 2827 788 2891 enim
809 2824 916 2906 rerba,
943 2841 1025 2904 quae
1040 2822 1177 2890 Dobreei
1194 2842 1265 2890 con·

213 2928 357 3007 Jecturae
372 2929 536 3008 debentur,
560 2930 706 3011 equidem
723 2947 784 2994 non
801 2927 913 2993 dubito
928 2928 1004 3010 quin
1020 2932 1107 2991 recte
1124 2947 1162 2992 ex
1183 2924 1266 3012 χειρὶ

218 3020 378 3116 ἀράμενος
406 3033 556 3097 restituta
586 3033 652 3097 sint
680 3031 873 3098 auctoritate
903 3029 1077 3095 Andocidis
1100 3047 1144 3093 or.
1166 3030 1191 3109 i,
1207 3031 1266 3094 94:

217 3129 274 3195 καὶ
296 3120 389 3208 οὗτος
411 3127 430 3195 ὃ
452 3128 550 3216 νόμος
575 3132 633 3198 καὶ
655 3132 816 3219 πρότερον
844 3123 882 3219 ἧν
910 3129 966 3195 καὶ
988 3126 1033 3208 ὡς
1055 3131 1162 3209 καλῶς
1184 3126 1265 3212 ἰύζων

216 3229 273 3298 καὶ
303 3235 357 3299 νῦν
386 3227 456 3297 ἔστι
484 3232 541 3299 νιαὶ
568 3236 692 3321 χρύσβε
721 3227 818 3320 αὐτῷ,
841 3233 898 3298 τὸν
919 3229 1138 3318 βουλεύσαντα
1160 3231 1195 3299 ἐν
1217 3235 1263 3322 τῷ

218 3332 306 3423 αὐτῷ
328 3331 500 3415 ἐνέχεσθαι
521 3335 577 3401 καὶ
599 3335 656 3401 τὸν
676 3334 760 3421 χειρὶ
782 3332 1009 3423 ἐργασάμενον.
1053 3337 1264 3405 Accusatores

218 3435 402 3524 διωμοσίαν
430 3439 517 3506 iliam
549 3441 758 3523 disjunctione
789 3442 926 3523 quadam
955 3461 1036 3525 quae
1057 3448 1191 3510 vocatur
1212 3461 1264 3507 ex·

216 3543 348 3626 planare
378 3548 515 3625 apparet
544 3564 582 3610 ex
614 3544 632 3626 ξ
657 3545 695 3612 17
705 3565 712 3610 :
752 3540 920 3609 αἰτιῶνται
951 3543 988 3609 δὲ
1018 3533 1109 3610 miror
1137 3541 1198 3628 μὲν
1228 3540 1265 3607 ἐκ

216 3642 354 3726 τούτων,
387 3640 430 3723 ὡς
454 3636 549 3724 οὗτος
577 3641 703 3731 [ἔνοχός
732 3645 802 3713 ἐστι
829 3648 876 3733 τῷ
899 3643 987 3733 φόνῳ
1010 3639 1046 3725 ὃς
1068 3648 1106 3714 ci.
1129 3648 1263 3730 oerore]

217 3748 363 3816 ἐκέλευσε
386 3752 478 3816 πιεῖν
499 3749 556 3815 τὸν
579 3750 688 3816 παῖδα
710 3749 748 3816 τὸ
779 3746 961 3837 φάρμακον,
991 3743 1012 3838 ἢ
1037 3743 1215 3838 ἠνάγκασεν
1245 3742 1265 3834 ’ὴ

215 3850 343 3920 ἔδωκεν.
386 3853 474 3919 Haec
502 3855 573 3936 ipsa
602 3854 701 3921 verba
729 3853 795 3919 iere
821 3855 958 3937 probant
979 3858 1180 3919 accusatores
1203 3870 1263 3915 non

215 3959 347 4039 vulgare
376 3956 458 4022 illud
488 3953 694 4043 φαρμακείας
726 3958 842 4024 crimen
874 3957 1011 4038 chorago
1041 3954 1167 4020 inferre.
1211 3954 1263 4018 Ita

217 4060 299 4128 enim
329 4079 396 4129 rem
423 4078 578 4149 exponere
609 4060 662 4133 vix
691 4062 773 4131 tanti
803 4060 896 4148 foret,
923 4060 952 4127 si
982 4077 1052 4131 eum
1082 4076 1140 4128 aua
1167 4075 1263 4132 manu
