3100 4834
677 370 890 437 ..29-

254 540 362 624 „O’est
377 562 415 608 eu
431 541 505 608 elfet
520 543 553 608 la
567 542 655 608 seule
666 541 844 626 hypothese
860 542 1074 608 admiasible.“
1096 543 1219 609 Deinde
1235 563 1308 609 vero

255 644 379 710 duobus
403 644 591 725 Quintiliani
614 644 684 728 (xl,
707 646 737 725 3,
762 646 805 710 22
815 645 898 730 sqq.)
921 651 954 710 et
978 645 1121 711 Suetonii
1145 645 1233 730 (Ner.
1251 647 1307 728 20)

254 746 332 813 locis
362 748 480 813 adlatis
511 765 572 812 non
611 754 754 814 constare
785 747 832 813 ait
862 754 936 813 ante
966 748 1139 814 Caesarum
1169 757 1307 815 aetatem

255 851 287 914 in
310 869 370 915 usu
393 849 508 932 fuisse,
541 859 578 915 ut
607 857 788 916 cantatores
810 850 976 931 exquisitis
997 857 1031 915 et
1052 851 1186 917 insuetis
1209 853 1308 918 medi·

219 1029 222 1034 ,
255 953 409 1018 cementis
442 973 548 1019 vocem
580 972 670 1019 suam
700 953 921 1036 perfectiorem
944 954 1122 1020 redderent.
1172 958 1216 1021 At
1249 956 1308 1022 hoc

253 1058 349 1120 modo
370 1056 478 1122 hercle
493 1075 552 1121 non
568 1056 617 1122 fas
632 1062 681 1123 est
697 1057 850 1122 orationis
865 1056 1087 1121 auctoritatem
1104 1057 1307 1124 labefactare.

252 1158 471 1242 Neque'euim
494 1158 598 1238 nobis,
620 1159 674 1238 qui
697 1177 767 1223 eam
791 1157 1006 1239 defendimus,
1036 1160 1234 1241 probandum
1257 1168 1306 1227 est

260 1263 341 1325 hane
363 1281 428 1326 rem
451 1261 482 1325 in
508 1279 566 1325 usu
588 1259 694 1335 fuisse,
718 1262 774 1326 sed
797 1261 820 1324 ii
842 1261 896 1341 qui
912 1279 981 1326 eam
997 1261 1194 1344 impugnant,
1217 1265 1308 1329 testi·
1371 1338 1374 1344 ,

252 1364 360 1429 monia
382 1363 556 1446 proferant,
587 1363 702 1444 quibus
725 1383 795 1428 eam
818 1380 879 1427 non
909 1364 940 1427 in
970 1382 1029 1429 usu
1059 1364 1156 1431 fuisso
1179 1367 1307 1432 demon-

253 1472 384 1531 stretur.
438 1468 530 1545 Quod
564 1486 658 1547 aegre
695 1483 885 1549 quemquam
924 1467 1199 1548 comprobaturum
1237 1489 1307 1537 esse
1416 1502 1419 1507 >

251 1576 341 1650 puto.
375 1570 473 1635 Recte
495 1569 621 1650 quidem
639 1570 834 1651 ll'agenerus
856 1569 1030 1650 neglexisse
1053 1571 1180 1637 videtur
1202 1573 1305 1638 locum

253 1692 275 1735 a
297 1673 479 1737 Maetznero
502 1673 646 1750 citatum,
670 1671 752 1736 Plut.
769 1673 808 1735 de
822 1672 899 1752 glor.
917 1672 992 1736 Ath.
1009 1674 1045 1737 6:
1068 1668 1099 1738 oi
1119 1672 1156 1737 δὲ
1174 1674 1306 1761 χορηγοὶ

255 1776 329 1851 τοῖς
348 1777 519 1861 χορευταῖς
541 1769 702 1860 θριδάκια
723 1772 781 1837 καὶ
804 1769 976 1850 ausitidae
990 1771 1047 1837 καὶ
1061 1769 1179 1859 postor
1193 1801 1304 1865 παρα-

257 1874 406 1954 τιθέντες
427 1869 565 1956 εὐώχουν
587 1875 646 1942 ἐπὶ
668 1875 774 1941 πολὺν
795 1871 911 1960 χρόνον
936 1876 1227 1962 φωνασκουμένους
1248 1879 1306 1945 καὶ

252 1982 452 2066 τρυφῶντας.
495 1980 578 2046 Nam
600 1980 766 2063 exquisitis
789 1979 852 2043 illis
874 1979 953 2046 cibis
982 1998 1044 2044 non
1075 1982 1305 2049 medicamenta

250 2083 350 2165 vocis,
372 2086 427 2149 sed
448 2074 606 2150 lu'xnriam
622 2083 788 2166 epularum
812 2079 985 2164 significari
1007 2090 1150 2166 apparet.
1183 2084 1307 2150 Deinde

251 2204 353 2268 quum
377 2187 571 2269 Wagenerus
601 2188 687 2269 opud
717 2192 842 2251 veteres
871 2186 1041 2268 scriptores
1071 2187 1151 2253 talia
1181 2193 1305 2253 tontum
1394 2184 1397 2189 “

250 2289 465 2355 medicamina
487 2289 726 2356 commemorari
747 2290 835 2367 dicit,
857 2307 937 2371 quae
951 2290 992 2353 ad
1009 2296 1127 2355 certam
1145 2293 1304 2371 quandam

253 2390 359 2456 victus
381 2395 534 2460 rationem
556 2394 754 2475 pertineant,
788 2392 848 2456 hoe
869 2392 939 2474 ipso
968 2410 1027 2457 non
1058 2391 1213 2473 efficitur,
1242 2395 1306 2459 alia
1389 2452 1392 2457 ,

250 2495 286 2558 in
311 2513 369 2560 usu
391 2515 451 2560 uon
473 2496 581 2563 luisse.
625 2495 796 2561 Praeterea
818 2496 868 2559 vir
890 2496 1003 2560 doctus
1025 2496 1207 2577 suspicatur
1235 2498 1306 2563 istis

251 2599 405 2664 remediis
436 2620 496 2665 non
527 2599 712 2678 cherentea,
746 2598 803 2663 sed
831 2603 956 2663 tantum
986 2599 1137 2663 cantandi
1153 2594 1306 2666 'artifices

255 2718 332 2766 usos
354 2719 432 2783 esse,
455 2703 587 2768 Aristot.
610 2701 766 2767 Problem.
790 2702 857 2767 loco
880 2700 980 2782 (xlx,
1005 2702 1059 2783 15)
1083 2699 1228 2784 confisus,
1251 2703 1316 2775 ubi,

255 2812 370 2869 cantus
391 2797 580 2887 ἀγωνιστῶν
601 2824 621 2869 a
644 2805 869 2870 choreutarum
900 2804 1046 2870 cantibus
1074 2804 1306 2870 diversissimos

253 2906 418 2988 multoque
440 2908 634 2975 difficiliores
656 2907 755 2972 fuisse
776 2907 972 2989 perhibetur.
1005 2908 1051 2972 At
1072 2907 1183 2988 quovis
1205 2909 1304 2972 medi-

252 3018 399 3077 camento
422 3012 501 3077 nihil
524 3013 612 3077 aliud
635 3008 718 3076 effici
738 3010 880 3091 potuisse
904 3017 1048 3093 apparet,
1071 3029 1165 3093 quem
1187 3018 1223 3075 ut
1246 3030 1305 3076 vox

251 3112 369 3178 clarior
389 3121 486 3197 atque
508 3115 629 3181 acutior
651 3111 752 3191 fieret,
783 3113 816 3176 id
839 3114 924 3195 quod
947 3113 1032 3176 haud
1055 3112 1204 3178 dublein
1228 3114 1303 3179 eho·

249 3216 354 3281 reutis
375 3236 437 3283 non
460 3218 563 3284 minus
585 3236 680 3299 quam
703 3216 735 3281 iu
758 3215 821 3280 illis
851 3215 1000 3281 cantandi
1022 3212 1198 3282 artificibus
1220 3216 1303 3282 desi-

254 3319 438 3386 derabatur.
1073 3331 1076 3335 ’

318 3421 440 3488 Deinde
469 3423 600 3491 offendit
623 3424 816 3505 Wagenerus
845 3421 877 3487 in
908 3422 988 3503 §21
1018 3421 1139 3487 verbIs:
1179 3414 1304 3504 ἀναβὰς

251 3520 301 3602 εἰς
315 3524 371 3615 τὴν
385 3519 517 3615 ἡλιακὴν
535 3527 596 3610 (ita
614 3528 723 3607 codd.;
745 3520 874 3612 ἡλιαίαν
888 3524 1014 3608 Taylor,
1036 3524 1210 3608 Jernstedt,
1233 3524 1303 3607 alii)

250 3627 309 3716 τὴν
339 3632 404 3694 τῶν
431 3631 660 3714 θεσμοθετῶν.
705 3628 780 3707 „En
811 3628 991 3694 admettant
1021 3627 1159 3705 meme“‚
1190 3629 1303 3709 inquit,

252 3752 357 3816 „avec
374 3733 489 3815 Taylor
511 3732 587 3815 qu’il
610 3731 697 3797 faille
719 3730 777 3797 lire
799 3725 991 3816 ficulneae
1014 3729 1078 3796 lieu
1100 3732 1140 3796 de
1162 3723 1304 3817 ἧλιακήν,

252 3843 337 3903 cette
360 3836 539 3918 conjecture
561 3855 600 3900 ne
622 3852 700 3899 nous
722 3853 841 3899 aranee
862 3824 969 3917 guero.
1014 3832 1139 3898 Comme
1162 3833 1185 3897 il
1207 3832 1303 3898 n’exi-

251 3941 331 4006 stait
353 3937 467 4021 qu’uue
489 3938 575 4004 seule
597 3936 716 4018 helice,
748 3938 770 4002 il
802 3945 853 4002 est
882 3938 1035 4001 etonnant
1065 3953 1126 4014 que
1152 3934 1302 4002 l’orateur

251 4044 298 4111 ait
320 4062 376 4116 cru
398 4043 507 4109 devoir
529 4042 560 4107 la
591 4039 783 4107 determinet
813 4058 872 4122 par
901 4037 1101 4121 l‘adjonction
1134 4039 1192 4106 des
1221 4044 1303 4107 mots
