3100 4834
603 382 815 447 -.17-

184 553 271 633 apud
294 553 499 636 areopagitas
521 553 665 619 habitam
687 572 756 619 esse
779 555 948 635 existimet,
971 553 1059 621 baud
1081 555 1176 624 dubie
1198 574 1237 620 ne

183 640 321 735 ephetae
336 656 464 735 quidem
480 656 735 722 additamentum
751 656 833 722 illud
849 657 1083 724 desiderabant.
1113 658 1236 724 Deinde
1308 651 1311 656 ’

183 762 355 839 postquam
378 766 540 824 narratum
564 766 613 826 est
636 759 821 826 arclrontem
851 780 972 843 regem,
1001 762 1076 844 quia
1099 761 1237 826 muneris

184 859 384 941 impenderet
394 862 462 943 J‘am
476 861 557 941 finis,
573 863 807 929 accusationem
823 881 997 942 recusasse,
1019 871 1236 931 accusatores·

185 978 246 1042 que
269 981 323 1028 reo
346 964 564 1030 reconciliatos
584 965 658 1032 inde
680 965 721 1030 ab
744 985 781 1031 eo
797 971 940 1046 tempore
956 966 1041 1031 nulla
1057 967 1238 1049 suspicione

185 1072 219 1130 et
233 1063 437 1132 familiariter
450 1086 487 1132 eo
502 1085 576 1132 usos
591 1086 661 1133 esse
678 1068 730 1150 (ἓξ
747 1068 900 1152 37-41),
923 1069 941 1150 ξ
957 1069 997 1133 41
1014 1069 1060 1135 sio
1074 1088 1108 1134 se
1123 1070 1236 1136 habet:

187 1162 368 1253 σκέψασθε
391 1167 428 1234 δὲ
449 1165 507 1234 καί
527 1193 586 1253 μοι
607 1164 785 1257 μνήσθητε,
809 1161 977 1258 diocese,
999 1174 1101 1237 ταῦτα
1121 1169 1182 1258 γὰρ
1200 1163 1238 1237 οὗ

185 1264 289 1353 μόνον
310 1266 472 1358 μάρτυσιν
494 1268 572 1358 ὑμῖν
595 1265 772 1353 ἀποδείξω,
803 1265 886 1337 ἀλλὰ
908 1272 966 1338 καὶ
988 1270 1026 1354 ἐξ
1049 1265 1153 1339 αὐτῶν
1173 1277 1238 1338 τῶν

189 1368 303 1457 ἔργων,
325 1363 491 1453 duodenae
513 1372 713 1460 πέπρακται,
737 1371 859 1463 ῥᾳδίως
880 1370 1048 1460 γνώσεσθε
1064 1370 1116 1441 ὅτι
1131 1370 1240 1463 ἀληθῆ

185 1473 279 1560 λέγω.
324 1478 392 1555 Quo
415 1486 523 1544 autem
547 1478 612 1544 loco
634 1481 765 1544 testium
789 1479 934 1560 quaestio
954 1478 1112 1545 habeatur
1133 1482 1237 1546 oratio
1284 1551 1286 1553 .

186 1599 247 1645 non
270 1580 409 1647 exhibet.
452 1584 560 1663 Atque
589 1582 649 1647 hoc
676 1600 801 1663 quoque
824 1582 1018 1663 Wagenerus
1048 1585 1079 1647 in
1111 1591 1236 1664 partem

185 1701 277 1748 suam
305 1684 453 1751 adscivit.
503 1686 565 1751 Sed
595 1685 669 1765 quin
700 1683 769 1750 loco
799 1687 935 1766 quodam
967 1703 1008 1749 re,
1032 1703 1108 1751 vera
1137 1694 1238 1752 testes

185 1787 363 1867 procedant
384 1788 463 1852 mihi
485 1788 615 1869 quidem
639 1787 851 1852 dubitandum
867 1805 927 1852 non
947 1788 1082 1853 videtur.
1110 1789 1236 1854 Etenim
1336 1778 1338 1781 ’

184 1907 238 1953 res
261 1896 328 1954 tam
349 1908 464 1972 graves
485 1897 518 1956 et
540 1891 656 1956 multas
678 1889 747 1955 sine
778 1889 968 1956 testimoniis
998 1909 1148 1958 enarrare
1177 1910 1237 1957 non

184 1990 271 2073 licet,
294 2012 395 2074 neque
416 1993 582 2075 quisquam
606 1993 742 2058 testibus
764 2010 819 2059 eas
842 2010 949 2059 carere
972 1993 1066 2072 dicet,
1098 2000 1133 2059 ut
1154 1993 1239 2060 infra

184 2095 398 2161 ostendemus.
435 2087 575 2174 Quaerit
590 2096 686 2160 etiam
709 2095 759 2161 uir
782 2096 896 2161 doctus
917 2114 1073 2177 quaenam
1096 2097 1162 2162 sint
1181 2097 1239 2162 illa

185 2191 265 2280 ἔργα
297 2198 570 2280 aduersariorum,
603 2198 718 2280 quibus
740 2199 826 2278 quod
848 2205 1012 2264 narratum
1036 2199 1079 2263 sit
1100 2198 1239 2264 illustre·

187 2307 242 2363 tur
275 2304 372 2381 atque
402 2299 614 2368 confirmetur.
666 2300 780 2365 Exeo
810 2302 893 2366 enim
923 2301 1008 2381 quod
1039 2307 1240 2368 accusatores

188 2421 296 2484 regem
321 2403 459 2487 chorago
481 2403 599 2469 favisse
622 2404 739 2484 dicant,
761 2421 951 2484 quamquam
974 2403 1044 2487 lege
1066 2403 1163 2469 luerit
1184 2405 1239 2469 ob-

187 2506 321 2572 strictus
342 2508 384 2572 ad
407 2507 599 2573 reiciendam
629 2507 879 2588 accusationem,
908 2525 1009 2588 neque
1038 2506 1101 2590 ipsi
1129 2515 1240 2588 postca

188 2627 287 2690 quum
311 2610 394 2690 gesti
417 2610 556 2675 muneris
579 2611 609 2676 ei
630 2616 715 2675 esset
744 2611 829 2675 ratio
858 2610 1040 2690 reddenda,
1071 2615 1240 2692 propterea

189 2730 265 2776 eum
289 2712 543 2794 sollicitaverint,
566 2712 625 2777 hoc
647 2731 724 2779 sane
753 2711 853 2794 effici,
882 2718 919 2777 nt
944 2711 1087 2778 homines
1114 2712 1170 2778 isti
1192 2714 1240 2778 in·

183 2813 304 2894 juriam
326 2833 345 2880 a
367 2834 443 2898 rege
464 2817 525 2882 sibi
548 2816 671 2880 illatam
695 2834 765 2881 esse
786 2832 972 2899 persuasum
995 2833 1056 2881 non
1083 2814 1239 2894 habeant3

188 2918 275 2998 quod
297 2937 373 2984 vero
394 2938 452 3001 per
474 2919 673 3000 aliquantum
697 2918 851 3000 temporis
880 2917 1081 2983 familiariter
1103 2917 1241 3000 chorago

188 3020 242 3086 usi
263 3021 337 3101 sint,
359 3022 419 3088 hoc
441 3021 547 3088 hercle
570 3041 630 3088 non
652 3022 792 3102 probari.
825 3021 940 3086 Audio.
972 3021 1033 3087 Sed
1049 3022 1133 3102 qnod
1156 3021 1240 3087 hunc

188 3123 294 3189 locum
318 3125 461 3205 sequitur
484 3125 533 3189 vel
550 3125 669 3207 optimc
685 3124 809 3205 probat.
838 3125 941 3203 Quum
966 3122 1047 3189 enim
1070 3128 1240 3206 postquam

189 3226 244 3293 hic
266 3246 324 3294 rex
345 3228 400 3308 qui
422 3228 453 3292 in
472 3228 595 3309 judicio
617 3227 711 3293 adest
733 3227 957 3308 magistratum
980 3226 1061 3302 iniit,
1091 3245 1239 3308 magnum

189 3330 345 3412 temporis
368 3331 505 3412 spatium
528 3330 756 3397 intermiserint
778 3331 963 3411 prinsquam
986 3330 1088 3395 denuo
1110 3348 1241 3396 accusa·

190 3439 274 3512 rent,
297 3434 375 3516 quid
397 3432 465 3499 veri
486 3432 591 3499 simile
612 3432 649 3498 fit
671 3434 732 3499 nisi
755 3433 816 3502 boo
838 3433 906 3515 ipso
929 3452 1010 3499 anno
1026 3431 1059 3498 in
1073 3441 1241 3499 consuetu·

191 3537 266 3602 dine
289 3536 345 3603 illa
359 3535 509 3602 familiari
524 3537 744 3619 permansisse,
767 3555 849 3618 quae
864 3536 937 3600 inde
953 3554 973 3599 a
986 3535 1241 3601 reconciliatione

192 3640 231 3705 iis
253 3660 324 3707 eum
353 3640 491 3721 chorago
513 3641 621 3705 esset?
665 3639 708 3704 Et
737 3640 820 3704 hano
849 3638 1062 3704 narrationem
1090 3638 1132 3702 ad
1161 3637 1241 3705 illud

193 3745 277 3825 quod
299 3744 318 3825 ξ
340 3743 379 3807 41
411 3740 530 3826 legitur
561 3740 671 3806 referri
701 3740 782 3806 velle
808 3748 966 3806 oratorem
998 3749 1133 3823 apparet
1161 3742 1241 3807 satis

196 3867 232 3912 cx
253 3847 358 3914 verbis
380 3846 398 3929 ξ
420 3847 478 3913 46;
508 3843 564 3909 διὰ
593 3839 627 3909 τί
656 3835 711 3908 oia
739 3837 798 3910 oia
825 3839 1073 3930 ἀπεγράφοντος
1102 3841 1146 3908 δι’
1169 3840 1240 3908 ὅτι

199 3954 333 4038 συνῇσαν
354 3945 411 4013 καὶ
432 3945 614 4032 διελέγοντο
636 3946 705 4013 κτλ.
749 3949 840 4027 Quod
864 3965 939 4013 vero
961 3949 1021 4012 hac
1051 3949 1092 4011 de
1123 3966 1157 4014 re
1180 3966 1239 4013 non

199 4065 267 4139 post
288 4058 390 4140 ipsam
412 4053 431 4137 ἓ
452 4056 493 4121 41
518 4053 696 4135 disseritur,
718 4051 805 4118 baud
826 4052 941 4117 mirum
964 4056 1022 4131 est,
1049 4068 1148 4135 quum
1170 4069 1241 4117 ora·
