3100 4834
745 381 957 452 ,30-

326 554 383 645 uqa
399 555 723 640 vdvbeopobaovf‘
745 556 843 640 Fugit
862 556 965 621 virum
978 555 1106 621 doctum
1123 573 1255 637 prorsus
1266 556 1375 620 eadem

328 660 426 726 verba
447 660 480 724 in
503 657 708 741 inscriptione
729 657 785 725 illa
813 659 935 740 redire,
965 676 1047 739 qnae
1074 659 1115 723 de
1136 657 1374 723 Atheniensium

328 781 399 827 cum
426 761 690 828 Chalcidensibus
720 760 848 827 loedere
878 759 978 844 lapidi
1008 760 1109 826 incisa
1139 767 1188 826 est
1217 779 1298 824 anno
1328 759 1377 823 Ol.

328 865 388 942 83,
418 865 438 929 3
466 893 509 918 =
537 862 634 947 44615
657 883 685 930 a.
710 863 743 930 C.
768 863 817 948 (C.
840 865 864 932 1.
889 866 924 928 Α.
946 863 1002 929 IV.
1024 862 1064 928 27
1083 862 1126 947 a)
1180 860 1376 942 Quamquam

328 965 456 1048 Lipsius
480 964 562 1049 (att.
585 967 673 1033 Proc.
696 967 722 1033 1.
743 987 775 1049 p.
800 968 861 1034 176
884 987 910 1033 c.
933 972 998 1030 not.
1020 966 1076 1048 69)
1108 970 1251 1030 nostrum
1275 964 1376 1030 locum

328 1068 369 1134 ab
391 1067 445 1134 illo
467 1070 514 1135 ita
537 1069 684 1136 recedere
707 1070 809 1149 docet,
833 1077 869 1135 ut
890 1069 1028 1151 primum
1052 1069 1181 1151 quidem
1196 1073 1303 1132 orator
1318 1084 1377 1129 non

328 1172 431 1252 ipsum
454 1169 661 1238 heliastarum
684 1173 852 1254 collegium
873 1169 1040 1254 significet,
1062 1171 1147 1253 quod
1168 1187 1205 1234 eo
1220 1169 1272 1233 dic
1287 1186 1378 1251 prac-

328 1274 451 1343 sidibus
486 1274 711 1341 thesmuthetis
738 1275 949 1356 Judicaverit,
981 1275 1039 1338 sed
1069 1272 1272 1338 veterrimum
1299 1269 1379 1336 illud

333 1377 484 1459 tribunal,
506 1395 584 1459 prae
606 1380 721 1444 ceteris
743 1372 872 1465 ἡλιαίαν
894 1383 1121 1457 nuncupatum,
1149 1374 1204 1441 ubi
1225 1373 1381 1454 imprimis

330 1481 565 1546 thesmothetae
582 1482 637 1562 jus
659 1480 763 1546 dicere
786 1480 871 1545 soliti
893 1479 966 1544 sint.
998 1515 1035 1526 -
1069 1476 1273 1559 „D’ailleurs‚
1307 1476 1379 1540 Wa-

328 1600 464 1667 generus
491 1601 586 1665 porro
617 1583 780 1666 disputat,
814 1583 860 1648 les
891 1580 1133 1649 Thesmcthhtes
1166 1599 1227 1645 non
1261 1581 1326 1643 rien
1360 1576 1382 1641 h

328 1685 396 1753 voir
418 1687 499 1751 dans
520 1692 604 1751 cette
625 1685 743 1751 affaire
778 1686 821 1750 Et
843 1686 933 1768 qu'on
957 1703 996 1749 ne
1018 1685 1089 1750 dise
1110 1702 1168 1765 pas
1189 1703 1251 1766 que
1273 1680 1381 1747 Philo·

329 1795 418 1855 crate
439 1787 547 1854 s'etait
567 1789 699 1854 adresse
721 1788 741 1853 ai
762 1808 833 1870 eux,
855 1807 893 1854 en
916 1787 986 1853 leur
1000 1787 1123 1871 qualite
1138 1788 1179 1851 de
1193 1786 1382 1868 magistrats

329 1894 559 1973 instructeurs‚
592 1889 654 1957 afin
685 1889 841 1957 d'arreter
863 1891 990 1958 l'actiou
1013 1890 1087 1975 qu‘il
1109 1891 1198 1955 avait
1219 1887 1339 1955 intente
1360 1885 1382 1950 h

330 1995 475 2061 Philinus
496 2000 530 2060 et
551 1994 726 2060 christion
749 1995 807 2074 (VI
829 1995 927 2077 ξ21).
971 1996 1022 2059 On
1044 1994 1119 2075 voit,
1142 2012 1180 2057 en
1203 1991 1286 2068 effet,
1307 1989 1382 2054 l’ac·

330 2097 404 2164 cnse
426 2117 460 2163 se
482 2103 598 2164 mettre
621 2097 828 2163 directement
851 2117 888 2164 en
912 2103 1043 2180 rapport
1064 2115 1141 2163 avec
1166 2097 1213 2162 les
1234 2097 1382 2177 juges:

331 2193 455 2283 ἀναβὰς
487 2197 548 2284 ἐγώ
577 2196 624 2277 εἷς
654 2198 693 2264 τὸ
726 2195 935 2288 δικαστήριον
963 2202 1037 2276 τοῖς
1065 2191 1179 2275 αὐτοῖς
1208 2197 1384 2272 δικασταῖς

328 2299 456 2383 ἐλεξα.“
487 2303 550 2369 Sed
564 2304 700 2384 primum
716 2304 844 2384 quidem
860 2322 897 2368 ex
912 2303 1014 2385 ipsius
1029 2304 1098 2386 §21
1116 2302 1223 2368 verbis
1236 2298 1384 2384 quamvis

328 2413 480 2488 corrupta
502 2405 555 2472 vel
578 2405 691 2471 mutila
712 2406 794 2471 sint:
825 2398 877 2469 ὅτι
906 2403 963 2470 τὸν
984 2403 1045 2489 μὲι
1067 2400 1166 2488 νόμον
1195 2396 1232 2469 οὐ
1254 2399 1384 2467 δίκαιον

329 2501 366 2574 οὗ
390 2503 639 2594 προκαθισταιή
660 2507 731 2572 κτλ.
755 2508 838 2575 effici
867 2508 944 2574 mibi
975 2510 1103 2574 videtur
1124 2508 1339 2575 Philocratem
1361 2525 1384 2570 a

329 2610 557 2677 thesmothetis
578 2611 747 2692 petivisse,
778 2618 816 2676 ut
847 2629 961 2678 causas
982 2630 1063 2692 quas
1085 2611 1241 2694 chora-gns
1263 2610 1307 2674 ad
1328 2626 1384 2672 eos

329 2714 517 2792 detulisset,
555 2712 719 2779 differrent
755 2722 853 2795 atque
883 2715 1162 2795 procrastinareut.
1213 2715 1265 2779 Ad
1297 2713 1382 2795 quod

330 2817 489 2898 choragus
519 2816 700 2898 respondit,
738 2816 952 2883 Philocratem
987 2836 1055 2881 eam
1095 2822 1219 2882 tantum
1252 2832 1382 2881 causam

329 2928 475 3001 spectare
509 2918 628 2997 videri,
664 2938 746 3002 quac
778 2925 906 3001 postero
939 2925 973 2985 et
1006 2921 1103 2985 tertio
1135 2920 1188 2987 die
1218 2918 1279 2984 sibi
1309 2936 1383 2984 curn

330 3023 492 3088 Aristione
514 3028 547 3088 et
568 3021 695 3087 Philino
725 3021 837 3088 futura
864 3029 958 3088 esset.
1002 3022 1125 3089 Deinde
1154 3042 1215 3087 non
1245 3020 1384 3103 propriis

330 3125 437 3190 verbis
476 3131 624 3190 narratur
660 3123 875 3190 Philocratem
913 3125 955 3190 ad
986 3126 1111 3207 Judices
1143 3125 1242 3192 verba
1270 3124 1384 3190 iecisse

332 3221 420 3306 (ἕλιξ
464 3274 471 3290 .
497 3277 505 3291 .
530 3276 568 3292 ..
600 3218 723 3309 ἀναβὰς
754 3222 803 3305 εἷς
834 3224 890 3313 τὴν
919 3222 1049 3313 ἡλιαίαν
1077 3251 1106 3293 τ.
1127 3251 1156 3292 τ.
1178 3231 1239 3305 ab).
1291 3227 1383 3306 Quod

330 3348 405 3394 vero
443 3348 478 3395 se
506 3330 610 3411 ipsum
642 3330 701 3395 hoe
732 3328 844 3396 fecisse
877 3348 949 3396 reus
982 3336 1109 3412 narrat,
1144 3332 1290 3413 equidem
1320 3347 1382 3394 non

331 3432 438 3513 miror,
461 3436 497 3495 ut
513 3430 596 3496 inira
610 3434 785 3497 ostendam.
809 3467 850 3477 -
865 3433 1042 3514 Wageucro
1058 3434 1117 3499 hoc
1131 3451 1256 3515 qnoque
1269 3450 1382 3515 parum

330 3533 495 3617 probabile
525 3533 668 3613 videtur,
700 3535 784 3616 quod
808 3533 1006 3601 Philocrates
1034 3537 1066 3599 in
1097 3535 1382 3602 thesmothetarum

327 3638 448 3719 judicio
482 3637 587 3702 nescio
616 3656 709 3720 quam
745 3637 902 3702 actionem
935 3638 1044 3705 turbet
1078 3646 1176 3722 atque
1212 3640 1382 3721 dirumpat,

332 3740 428 3822 paulo
450 3746 523 3823 post
545 3740 641 3805 etiam
665 3748 833 3806 accusatus
863 3741 949 3806 adsit
977 3749 1010 3806 ct
1031 3740 1245 3807 Philocratem
1272 3741 1381 3807 redar-

332 3850 409 3924 guat
431 3849 464 3908 et
492 3844 534 3908 ad
565 3846 664 3908 testes
692 3841 898 3923 proferendos
925 3852 1085 3925 provocet.
1129 3844 1192 3910 Sed
1214 3844 1274 3909 hoc
1296 3848 1382 3908 certe

332 3945 462 4010 dubium
494 3954 559 4026 est,
594 3963 670 4009 num
698 3946 783 4010 iuter
810 3946 914 4027 ipsam
936 3947 1076 4029 aliquam
1098 3949 1253 4012 actionem
1276 3945 1383 4010 Philo·

332 4056 436 4118 crates
463 4065 545 4129 quae
574 4048 671 4114 vellet
702 4049 882 4129 protulerit.
928 4048 1020 4127 Quod
1050 4056 1156 4116 autem
1184 4048 1279 4131 paulo
1310 4054 1383 4131 post
