3100 4834
722 402 933 467 „26-

304 569 385 636 enim
409 572 582 639 orationem
607 571 752 639 mutilam
775 593 844 640 esse
874 580 1016 655 constet,
1048 574 1161 641 mirum
1195 593 1266 640 esse
1295 572 1354 639 hoc

302 676 501 741 enuntiatum
524 675 618 741 valde
632 676 805 758 copiosum,
827 677 974 759 quodque
993 678 1204 761 perorationis
1217 675 1353 759 speeiem

301 795 379 857 prae
400 797 435 844 ee
457 778 549 844 ierat.
580 778 723 843 Eandem
739 785 846 845 eutem
862 783 1052 846 sententiam
1064 781 1132 862 jam
1152 780 1226 862 §49
1240 778 1353 843 iisdem

301 879 368 946 iere
389 881 495 947 verbis
518 898 698 963 expressam
722 900 810 959 esse,
847 874 893 948 ita
924 889 1029 947 tamen
1062 889 1099 947 ut
1130 881 1230 946 multo
1252 881 1354 947 artius

302 984 344 1047 ad
367 983 400 1048 id
423 985 464 1049 de
486 1001 548 1066 quo
568 991 684 1065 agatur
699 990 778 1066 apta
792 984 843 1049 sit
867 984 991 1065 ltaque
1006 984 1170 1050 librarium
1185 984 1353 1065 quendam,

303 1095 339 1152 ut
361 1087 497 1153 orationi
520 1086 642 1169 aliquid
665 1086 782 1170 epilogi
813 1087 917 1155 simile
951 1089 1151 1166 adstrueret,
1181 1094 1354 1152 extremam

302 1190 541 1273 paragraphum
565 1189 736 1269 addidisse,
759 1209 854 1273 quarn
878 1209 916 1256 ex
938 1191 1014 1273 §49
1038 1190 1206 1256 maximam
1229 1199 1353 1272 partem

302 1294 545 1376 transscriptam
575 1311 644 1358 esse
681 1299 846 1375 appareat.
898 1294 988 1373 Quae
1018 1295 1178 1360 sententia
1208 1292 1354 1375 equidem

303 1396 401 1462 miror
438 1397 595 1477 quomodo
628 1394 754 1461 Blassio
793 1395 994 1478 displicuerit
1027 1396 1094 1477 (²1,
1129 1397 1190 1463 199
1215 1397 1288 1462 adn.
1309 1397 1353 1477 3).

302 1498 384 1563 Nam
415 1499 498 1582 quod
530 1499 611 1581 §51
645 1498 685 1564 ab
717 1498 924 1580 Antiphontis
954 1499 1182 1565 consuetudine
1216 1517 1275 1564 non
1306 1518 1355 1563 re·

304 1602 415 1667 cedere
436 1601 573 1677 videtur,
596 1604 666 1684 ipsa
689 1601 857 1667 iteratione
880 1601 938 1667 illa
959 1600 1043 1668 effici
1075 1607 1228 1684 apparet,
1258 1619 1354 1682 quum

304 1723 385 1787 quae
407 1706 495 1771 loeus
517 1705 647 1787 propria
669 1703 767 1770 habet
791 1710 857 1770 tam
880 1706 996 1789 exigua
1024 1705 1099 1782 sint,
1128 1711 1165 1770 ut
1187 1704 1227 1769 de
1249 1722 1354 1768 eorum

303 1808 494 1874 auctoritate
521 1807 666 1889 judicare
697 1826 759 1871 non
789 1807 893 1874 liceat.
937 1808 1048 1892 Neque
1078 1825 1269 1891 quemquam
1302 1806 1356 1887 qui

303 1916 473 1975 extremam
507 1909 661 1977 orationis
690 1917 815 1993 partem
849 1918 998 1977 accurate
1029 1912 1117 1992 legat
1146 1915 1244 1993 atque
1276 1910 1356 1975 istas

302 2015 523 2096 paragraphos
545 2014 696 2093 conferat,
719 2013 817 2079 verba
839 2014 897 2080 illa
911 2014 1026 2081 iterum
1043 2014 1132 2080 dicta
1147 2032 1207 2079 non
1226 2011 1355 2078 moleste

305 2113 389 2180 ferre
412 2117 532 2198 opinor.

303 2219 321 2299 ξ
344 2219 386 2282 49
409 2207 578 2306 αὗταιγὰρ
601 2215 703 2285 ιτοίαν
725 2216 817 2304 δίκην
844 2222 917 2303 §51
946 2222 1047 2284 ποῖον
1069 2208 1125 2284 οὖν
1146 2212 1355 2306 δικαστήριον

304 2312 340 2383 οὐ
370 2317 551 2387 traducor
580 2316 636 2402 ih,
666 2316 687 2410 ’ἦ
718 2325 818 2389 ποῖον
843 2315 901 2387 οὐκ
924 2318 1112 2389 divitense
1128 2317 1354 2408 ἐξαπατήσον-

305 2419 513 2513 δικαστήριον
555 2419 613 2491 οὐκ
649 2420 816 2511 ε’ξαιτατή-
843 2449 910 2505 τες,
941 2420 1075 2514 ’ὴτίνας
1097 2420 1212 2509 ὅρκους
1236 2418 1293 2489 οὖν
1316 2417 1355 2489 dv

306 2544 409 2606 σειαν,
440 2521 460 2615 ’ὴ
491 2525 582 2606 τίνας
611 2523 727 2614 ὅρκους
761 2521 818 2593 οἱα
843 2524 1041 2615 τολμήσαιεν
1065 2522 1282 2614 παραβαίνειν
1298 2515 1354 2592 οὗ·

305 2621 344 2692 div
365 2627 562 2719 τολμήσειαν
590 2628 815 2716 παραβαίνειν,
843 2655 894 2696 τοι
918 2630 950 2699 oi
971 2625 1197 2711 ἀνοσιώτατοι,
1223 2630 1258 2696 οἵ
1271 2652 1355 2706 τινες

305 2731 342 2794 οἵ
361 2754 445 2809 τινες
459 2732 515 2799 καὶ
533 2728 818 2817 νῦν....ὅρκοας
845 2782 852 2796 .
877 2784 885 2798 .
910 2787 916 2799 .
941 2784 949 2798 .
973 2732 1024 2820 ἐφ’
1045 2728 1130 2817 ὑμᾶς
1152 2729 1283 2821 ἥκουσιν
1299 2729 1354 2812 ἒξ-

304 2829 471 2914 τοιούτοας
492 2833 698 2921 διωμόσαντο
720 2835 789 2902 κτλ.
845 2832 1069 2924 αττατήσοντες
1083 2832 1112 2901 εἰ
1128 2831 1287 2917 δύναιντο,
1301 2830 1355 2918 ὅρ-

829 2955 832 3020 Ι
844 2962 921 3017 κους
931 2935 1098 3018 τοιούτους
1110 2932 1355 3024 διομοσάμενοι.

366 3043 490 3110 Deinde
511 3064 550 3112 ex
571 3065 606 3110 re
628 3063 696 3111 esse
719 3045 846 3111 videtur
868 3044 1046 3125 inquirere,
1078 3062 1173 3125 quam
1203 3042 1357 3108 orationis

304 3152 427 3227 partem
450 3149 488 3231 ἓξ
510 3148 639 3216 48-50
661 3167 730 3214 esse
752 3148 904 3214 dieamus.
942 3145 1070 3212 Etenim
1093 3147 1111 3229 ξ
1133 3145 1174 3211 48
1197 3147 1356 3211 oratorem

303 3251 480 3316 eduorum
504 3252 661 3334 quendam
685 3252 787 3316 locum
811 3250 947 3315 transire
969 3268 1007 3314 ex
1030 3268 1067 3315 eo
1095 3255 1240 3330 apparet,
1271 3247 1357 3328 quod

239 3368 246 3378 ‘
305 3359 339 3417 et
361 3358 429 3418 tota
460 3353 601 3418 narratio
631 3359 664 3419 et
693 3354 945 3434 argumentatio,
977 3372 1059 3435 quae
1090 3351 1202 3432 incipit
1223 3370 1243 3415 a
1265 3351 1283 3433 ξ
1305 3350 1357 3428 33,

303 3456 445 3538 perfecta
468 3464 501 3521 et
523 3457 669 3522 absoluta
691 3462 750 3534 est,
779 3463 812 3520 et
834 3456 852 3537 ξ
873 3454 915 3521 47
951 3460 1114 3537 tamquam
1146 3452 1358 3535 perorationis

305 3559 441 3641 speeiem
463 3559 606 3642 praehet.
641 3558 759 3623 Eodem
777 3558 878 3637 modo,
901 3558 997 3623 immo
1019 3558 1132 3623 iisdem
1154 3556 1278 3622 verbis:
1300 3554 1357 3622 καὶ

303 3657 334 3726 oi
349 3660 410 3746 μὲν
424 3653 519 3728 α’λλοι
536 3654 709 3745 ἄνθρωποι
724 3670 784 3727 etc.
800 3666 908 3726 orator
922 3661 955 3727 in
971 3661 1114 3725 oratione
1127 3660 1154 3723 V
1170 3660 1189 3741 ξ
1205 3659 1247 3726 84
1262 3678 1357 3741 argu-

304 3764 508 3831 mentationis
530 3764 570 3827 de
592 3763 693 3844 signis
715 3763 832 3827 divinis
853 3760 946 3827 finem
970 3763 1057 3835 iacit.
1081 3762 1196 3845 quibus
1217 3780 1255 3827 ea
1275 3770 1356 3826 tam-

304 3887 399 3950 quam
423 3868 567 3933 aculeum
590 3868 622 3931 iu
655 3865 852 3930 audientium
882 3866 996 3931 animis
1024 3865 1193 3946 relinquat.
1236 3864 1358 3929 Suntne

304 3971 403 4054 igitur
426 3972 464 4054 ἕξ
479 3968 609 4035 48-50
632 3986 730 4033 novus
752 3970 1026 4052 argumentatione
1047 3967 1160 4033 locus?
1189 3969 1232 4033 At
1248 3973 1358 4031 orator

303 4076 344 4142 iis
373 4074 451 4139 nihil
481 4073 608 4158 proprie
639 4079 898 4158 argumentatur,
930 4071 1009 4138 nihil
1039 4070 1078 4137 iis
1106 4070 1278 4156 probatur,
1307 4069 1357 4135 vel
