3100 4834
647 402 838 467 ..7-

223 590 305 654 quae
326 573 419 638 modo
440 572 619 654 protulerit,
642 573 760 638 crimen
783 568 983 656 βουλεύσεως
1004 572 1170 653 refutasse,
1201 573 1274 656 plus

222 675 262 741 iis
283 676 432 758 redargui
456 694 584 741 censeas
607 695 733 742 neeesse
756 685 815 758 est,
838 697 933 760 quam
956 678 1028 760 ipsa
1047 676 1273 759 propositionis

221 780 334 845 verba:
357 777 489 862 πρῶτον
511 775 571 861 μὲν
592 768 648 842 οὗν
670 771 838 860 ἀποδείξω
866 775 944 863 ὑμῖν
974 780 1043 845 κτλ.
1065 799 1195 862 poscere
1225 779 1272 844 vi·

221 882 348 948 dentur.
391 881 536 963 Namque
558 898 596 946 eo
618 882 702 961 quod
724 881 881 964 choragus
911 901 1007 964 quum
1038 902 1117 965 puer
1148 882 1275 948 biberet

220 984 312 1063 afuit,
333 985 488 1066 probatur
510 1001 586 1048 sane
609 1001 709 1064 oeque
731 984 938 1051 adhortatum
960 1002 1031 1051 eum
1055 1005 1123 1050 esse
1141 1004 1273 1067 puerum

221 1094 258 1151 ut
287 1087 414 1152 biberet
443 1104 544 1167 neque
577 1087 718 1169 coegisse
757 1105 858 1168 neque
895 1090 1042 1170 poculum
1080 1087 1275 1170 praebuisse.

221 1190 283 1254 His
305 1207 380 1255 uero
403 1188 546 1269 probatis
568 1208 628 1253 uon
655 1188 721 1270 jnm
750 1196 876 1256 constat
906 1210 995 1256 reum
1024 1193 1143 1257 nemini
1164 1197 1273 1274 potum

222 1291 466 1357 ministrandum
489 1293 664 1358 mandasse.
708 1292 836 1358 Etenim
865 1295 896 1358 iu
919 1289 1119 1375 βουλεύσεως
1141 1295 1274 1360 crimine

223 1393 302 1459 nihil
319 1393 436 1460 referre
455 1401 599 1476 apparet,
622 1394 750 1460 dicasue
766 1391 985 1477 βουλεύσαντα
1003 1396 1034 1460 io
1050 1398 1275 1471 committendo

222 1495 360 1564 facinore
381 1496 522 1563 adfuisse
546 1517 652 1563 necne.
697 1499 815 1564 Verum
845 1500 887 1564 ad
910 1498 970 1564 hoo
993 1499 1109 1563 crimen
1135 1504 1203 1564 tota
1226 1518 1274 1563 re-

222 1602 357 1682 spondet
378 1600 529 1680 narratio,
562 1600 681 1682 quippe
709 1619 772 1681 qua
804 1601 863 1667 boc
885 1601 1086 1682 potissimum
1108 1599 1275 1683 efficiatur,

223 1704 394 1787 choragum
416 1704 470 1770 illo
493 1711 637 1785 tempore
666 1705 706 1769 ab
729 1705 813 1769 omni
836 1703 924 1769 cbori
947 1711 980 1769 et
1002 1704 1109 1769 alendi
1132 1710 1165 1768 et
1187 1723 1274 1769 exer-

222 1808 313 1874 cendi
344 1825 592 1886 commeasse,
627 1826 727 1889 neque
757 1807 829 1871 ideo
860 1795 902 1872 de
928 1807 1111 1887 potionibus
1141 1807 1275 1887 aliisque

222 1911 377 1994 ejusmodi
415 1910 511 1975 rebus
549 1910 721 1992 quidquam
764 1910 921 1992 imperare
960 1911 1112 1992 potuisse.
1165 1909 1275 1993 Neque

223 2015 367 2094 equidem
392 2012 497 2095 video,
520 2031 576 2077 our
598 2031 658 2077 nou
682 2017 793 2092 testes,
815 2013 871 2093 qui
892 2019 966 2094 post
988 2013 1007 2095 ξ
1028 2015 1067 2079 15
1090 2014 1275 2094 procedunt,

223 2117 320 2182 etiam
343 2120 402 2184 hoc
423 2117 551 2183 firmare
565 2117 737 2199 potuerint,
754 2117 903 2197 quamuis
919 2119 1028 2201 reus§
1048 2119 1089 2181 14
1109 2123 1276 2199 tantopere

222 2220 305 2286 hanc
326 2239 392 2287 rem
416 2227 562 2287 constare
584 2220 686 2301 diest,
719 2227 756 2284 ut
786 2219 852 2284 fere
882 2220 1073 2285 testimoniis
1105 2226 1166 2283 uon
1196 2237 1275 2300 opus

220 2341 291 2389 esse
312 2324 467 2390 videatur.
500 2323 721 2406 Wageoerum,
743 2341 841 2405 quum
860 2329 893 2388 et
908 2319 1109 2405 βουλεύσεως
1126 2328 1272 2388 naturam

221 2432 254 2492 et
276 2424 414 2492 locorum
437 2425 563 2491 illorum
587 2426 741 2491 rationem
772 2444 885 2506 parum
914 2426 1130 2508 intellegeret,
1161 2426 1194 2489 in
1223 2443 1273 2489 er-

221 2548 324 2595 rorem
356 2529 506 2595 incidisse
539 2529 641 2595 video.
691 2528 753 2608 Qui
785 2527 804 2592 l.
828 2547 853 2594 c.
886 2548 918 2609 p.
947 2528 989 2592 99
1026 2529 1072 2592 sic
1110 2529 1274 2608 disputat:

221 2633 310 2714 „Ies
342 2638 546 2699 accusateurs
568 2652 607 2698 ne
629 2651 662 2697 se
693 2631 830 2699 borneut
857 2649 917 2713 pas
939 2630 959 2695 ai
981 2631 1125 2701 soutenir
1155 2649 1216 2711 que
1245 2631 1275 2695 le

220 2733 361 2817 preventu
392 2756 412 2801 a
451 2735 611 2801 medite
650 2731 848 2818 (ἐβούλευσε)
884 2733 1195 2814 l’empoisounement
1233 2735 1274 2800 de

221 2837 374 2904 Diodote:
404 2837 445 2904 ils
476 2836 636 2905 affirment
666 2837 741 2921 qu’il
767 2856 788 2903 a
810 2836 1042 2903 effectivemeut
1071 2835 1274 2917 empoisouue

223 2958 258 3006 ee
280 2944 377 3023 jeuue
398 2943 540 3022 homme,
574 2933 769 3007 encaustum
791 2935 955 3005 Διόδουου
975 2932 1197 3021 βουλεύσουσα
1218 2935 1275 3001 ude

223 3038 379 3110 θάνατον.
423 3046 492 3128 „En
514 3046 597 3126 edet,
620 3044 792 3125 disent-iis,
823 3043 845 3108 il
869 3063 888 3106 a
909 3041 1097 3107 ordonne
1119 3059 1160 3106 au
1178 3043 1275 3123 jeune

224 3145 363 3211 choriste
384 3148 423 3212 de
444 3148 583 3229 prendre
606 3148 649 3211 du
672 3148 802 3229 poison,
833 3142 969 3210 ou‘bien
991 3143 1013 3208 il
1037 3142 1077 3227 l’y
1100 3163 1121 3208 a
1142 3143 1273 3223 force,

224 3267 265 3314 ou
297 3247 479 3314 finalement
508 3248 531 3313 il
560 3249 606 3314 lui
635 3268 655 3312 a
679 3249 813 3314 donne
842 3248 872 3312 le
902 3247 1061 3327 breuvage
1088 3244 1199 3313 fatal.“
1246 3246 1274 3310 Il

224 3371 275 3418 me
297 3350 417 3416 semble
437 3350 711 3432 cousequemmeut
726 3350 804 3416 olair
819 3368 939 3416 comme
954 3348 984 3414 le
1001 3349 1076 3430 Jour
1097 3368 1158 3432 que
1179 3350 1275 3414 l’aete

224 3452 438 3522 d'accnsation
453 3453 574 3534 portait
585 3472 645 3519 uon
659 3472 717 3535 pas
728 3452 976 3518 exclusiuement
986 3471 1042 3518 sur
1053 3451 1086 3517 lo
1095 3447 1273 3535 βούλευσις,

223 3558 304 3625 mais
332 3576 388 3622 sur
417 3556 446 3622 le
473 3550 574 3643 φύσας
595 3556 729 3639 precede
751 3558 792 3622 de
813 3550 982 3639 βαύλευσις
1004 3605 1134 3621 .....
1153 3554 1202 3619 ἸΙ
1224 3562 1274 3620 est

224 3664 304 3731 douo
327 3652 402 3727 hors
423 3662 464 3726 de
486 3661 582 3727 doute
605 3680 666 3744 que
688 3660 727 3725 le·
740 3661 880 3742 prevenu
902 3667 952 3725 est
972 3658 1274 3726 accuse10d’uroir

223 3764 424 3849 empuisonue
444 3765 597 3843 Diodote3
619 3765 657 3829 2⁰
676 3765 717 3829 de
738 3764 850 3828 l’avoir
877 3761 1078 3845 empuisonue
1105 3779 1181 3826 avec
1202 3760 1271 3825 l'iu-

222 3870 343 3935 teution
376 3870 416 3933 de
446 3866 476 3933 le
508 3865 589 3932 faire
621 3867 756 3948 mourir,
797 3860 976 3949 βουλεύσας
1004 3862 1062 3929 σου
1091 3858 1271 3928 βύσαυου.“

224 3977 371 4056 Apparet
396 3973 464 4054 jam
495 3971 707 4052 Wagenerum
738 3970 869 4037 verbum
897 3961 1074 4050 βουλεύσας
1104 3967 1152 4031 ito
1179 3966 1273 4030 iutel-

223 4077 354 4165 texisse,
389 4082 426 4141 ut
455 4092 515 4147 nou
545 4072 803 4148 subornationem
832 4074 975 4161 (utamur
1007 4070 1090 4142 onim
1120 4067 1273 4145 vmobulo
