3100 4834
713 384 927 452 ..36-

291 566 415 639 natura,
438 557 513 642 quin
536 576 607 623 eam
628 576 649 622 a
669 557 857 640 quibusdam
879 559 977 625 etiam
1001 556 1130 626 exordio
1151 557 1342 623 adnumera·

293 669 360 727 tam
390 680 460 728 esse
492 660 648 741 suspicari
676 658 781 728 liccat.
822 659 893 743 (cfr.
923 661 1097 740 Linder‚
1127 659 1146 726 l.
1170 677 1196 726 c.
1225 680 1257 742 p.
1281 658 1345 743 17.)

292 765 433 830 Tametsi
456 770 563 830 autern
588 769 620 828 et
642 764 820 845 Wagenero
842 771 875 829 et
897 764 1073 830 Kirchuero
1101 769 1134 828 et
1156 764 1343 843 Hartmano,

290 867 345 951 qui
385 888 486 951 nuper
526 866 558 932 in
595 866 743 948 „Studiis
775 866 1029 949 Antiphonteis“
1067 864 1194 949 (Progr.
1229 865 1343 949 Gymn.

292 972 437 1053 Lugdun.
461 969 533 1035 Bat.
559 968 656 1051 1882)
679 967 740 1034 hac
762 970 860 1034 dere
882 967 1069 1051 disputavit,
1102 968 1238 1034 concedo
1259 966 1345 1034 locos

290 1073 445 1155 geminos,
466 1072 582 1156 quibus
604 1078 713 1137 orator
736 1072 775 1137 de
797 1070 921 1153 iegibus
935 1070 1127 1153 capitalibus
1148 1076 1181 1137 et
1198 1070 1344 1152 iudicum

291 1175 445 1259 religione
468 1175 606 1255 disserit,
633 1193 780 1256 magnam
812 1180 936 1255 partem
966 1175 1069 1256 magis
1097 1191 1166 1239 esse
1197 1181 1290 1256 aptos
1311 1173 1345 1238 in

291 1278 435 1344 oratione
458 1278 504 1355 V,
537 1278 570 1343 in
602 1296 665 1359 qua
689 1278 903 1361 Mytilenaeus
935 1277 1006 1342 illos
1035 1277 1194 1359 proferat,
1227 1275 1280 1342 ubi
1310 1294 1345 1341 se

292 1387 404 1447 contra
427 1381 515 1463 leges
538 1382 725 1447 arcessitum
749 1399 819 1447 esse
849 1386 1076 1462 conqueratur,
1106 1386 1213 1446 tamen
1243 1398 1345 1462 neque

291 1484 322 1549 ei
344 1484 397 1567 qui
421 1503 528 1564 unum,
552 1503 652 1567 neque
674 1484 704 1549 ei
727 1485 782 1567 qui
804 1501 913 1550 omnes
935 1484 967 1548 in
991 1484 1135 1550 oratione
1151 1483 1206 1548 v1.
1230 1501 1345 1563 parum

291 1587 459 1652 convenire
481 1587 561 1653 dicit
582 1587 730 1652 assentiri
753 1605 893 1670 possum.
936 1587 1134 1652 Hartmanus
1155 1586 1239 1651 enim
1262 1585 1294 1666 (l.
1317 1602 1344 1651 c.

291 1708 321 1770 p.
338 1690 392 1768 23)
416 1691 509 1754 docet
532 1689 550 1771 ξ
566 1691 586 1754 2
602 1689 767 1755 dolendam
792 1707 870 1768 csse,
893 1709 991 1773 quum
1010 1689 1123 1755 verba:
1147 1681 1224 1752 ὥστ’
1240 1681 1345 1752 οὔδεϊ

290 1827 333 1838 ·-
357 1786 572 1857 διδάσκουσιν
599 1784 620 1876 ἢ
649 1786 685 1857 οὐ
714 1792 834 1873 optime
866 1793 993 1875 quidem
1033 1794 1074 1858 de
1107 1792 1345 1858 accusatoribus

291 1895 445 1961 orationis
468 1894 505 1960 V.
530 1894 714 1975 dictasint,
737 1896 857 1976 quippe
879 1894 933 1977 qui
955 1894 1041 1977 leges
1062 1895 1260 1977 perturbent,
1283 1912 1344 1958 non

290 2004 398 2063 autem
430 1998 620 2064 conveniant
649 1997 680 2062 in
712 1997 808 2078 hujus
845 1997 997 2063 orati0nis
1033 2003 1252 2078 accusatores,
1289 1998 1345 2080 qui

291 2099 370 2166 nihil
392 2100 457 2166 tale
480 2101 708 2166 commiserint.
751 2100 797 2164 At
819 2119 853 2165 re
878 2120 952 2167 vera
974 2101 1069 2167 etiarn
1101 2101 1135 2166 hi
1163 2099 1249 2182 leges
1271 2120 1345 2182 pcr-

291 2202 464 2269 turbarunt
501 2204 595 2270 rebus
628 2224 648 2268 a
681 2222 779 2270 causa
816 2202 928 2270 alienis
965 2204 1118 2269 immixtis
1155 2202 1226 2287 (cfr.
1256 2203 1341 2286 ὅθ).

290 2306 400 2387 Neque
423 2306 522 2373 etiam
544 2325 590 2387 eo,
620 2305 704 2389 quod
728 2305 926 2372 Hartmanus
949 2304 981 2370 in
1004 2305 1081 2372 locis
1103 2305 1235 2389 geminis
1258 2324 1342 2370 com·

290 2408 385 2491 plura
407 2409 492 2473 inter
514 2427 547 2473 se
570 2409 754 2490 discrepare
778 2409 879 2491 docet,
902 2407 1038 2474 alterum
1061 2428 1100 2475 en
1122 2409 1272 2475 memoria
1294 2409 1342 2474 in·

289 2515 410 2577 sertum
434 2530 503 2577 esse
526 2512 604 2577 mihi
627 2513 755 2593 quidem
778 2510 944 2593 probatur,
977 2531 1077 2595 neque
1108 2511 1137 2578 si
1165 2511 1212 2577 ita
1239 2512 1292 2593 sit,
1322 2531 1343 2576 a

289 2612 419 2680 falsario
441 2615 596 2680 insertum
620 2633 688 2681 csse
712 2632 840 2681 necesse
862 2620 921 2681 est.
944 2652 987 2661 —
1018 2613 1212 2680 Kirchnerus
1234 2621 1342 2681 autem

187 2800 189 2805 y
290 2723 392 2783 totam
415 2718 434 2800 ξ
455 2718 477 2782 2
499 2717 598 2782 deleri
622 2718 707 2799 vult,
739 2720 826 2798 quod
849 2717 1016 2784 molestum
1044 2719 1097 2799 sit,
1125 2718 1153 2784 si
1175 2726 1343 2784 accusatus

289 2820 400 2886 verbis
418 2820 451 2902 (ξ
473 2820 510 2903 3)
532 2814 670 2906 ἡγοῦμαι
691 2820 805 2904 μέντοι
825 2818 882 2886 καὶ
903 2814 981 2906 ὑμῖν
1001 2819 1071 2885 κτλ.
1095 2823 1137 2886 ad
1161 2823 1343 2904 judicasse
1406 2862 1416 2881 .

291 2927 465 3003 convertat,
497 2940 577 3004 quos
596 2926 663 3004 jam
687 2925 705 3007 ξ
728 2925 749 2990 2
771 2923 958 2989 cohortatus
980 2924 1032 3005 sit,
1065 2929 1101 2989 ut
1129 2923 1160 2988 in
1183 2925 1343 2990 audienda

290 3026 491 3092 accusatione
514 3026 593 3092 nihil
616 3027 676 3092 nisi
698 3027 786 3109 leges
808 3036 991 3108 sequantur.
1025 3026 1146 3093 Deinde
1168 3044 1264 3107 quum
1287 3026 1342 3109 §2

290 3128 425 3214 incipiat
446 3148 466 3194 a
488 3129 649 3211 particula
671 3126 740 3213 μέν,
772 3129 846 3194 huic
879 3130 1119 3197 adversativam
1149 3128 1342 3213 nullamlre·

289 3231 455 3312 spondere,
476 3231 509 3295 id
533 3235 618 3315 quod
640 3238 751 3299 contra
773 3252 866 3297 usum
889 3234 933 3298 sit
949 3233 1209 3315 Antiphonteum.
1241 3232 1341 3298 Simul

288 3333 434 3415 exempla
457 3352 477 3396 a
499 3333 681 3401 Maetznero
705 3336 878 3415 cumulata,
909 3335 1024 3417 quibus
1045 3333 1108 3419 μέν
1130 3334 1209 3400 illud
1232 3334 1341 3401 solita·

288 3435 372 3499 rium
396 3442 483 3501 recte
504 3454 538 3500 se
557 3437 676 3503 habere
691 3439 882 3518 ostenderet,
905 3438 1031 3521 singula
1047 3439 1186 3505 refutare
1201 3444 1342 3505 conatur.

289 3537 433 3620 Denique
455 3538 555 3603 totius
576 3539 595 3621 ξ
618 3557 742 3605 sensum
767 3558 837 3605 esse
859 3540 956 3606 talam
978 3541 1039 3617 ait,
1069 3542 1124 3622 qui
1147 3560 1248 3624 neque
1269 3560 1341 3609 cum

290 3642 455 3724 superiore
478 3659 578 3724 neque
600 3661 736 3725 eaquae
753 3645 904 3710 succedat
920 3645 999 3710 satis
1014 3645 1201 3725 cohaereat3
1224 3645 1341 3708 omisso

290 3745 375 3810 enim
396 3744 465 3811 loco
487 3754 687 3828 accusatum,
718 3752 887 3828 postquam
910 3748 929 3830 ξ
953 3748 969 3813 1
995 3749 1034 3813 de
1057 3766 1091 3814 se
1121 3748 1192 3830 ipso
1215 3746 1342 3826 dixerit,

290 3852 367 3929 apte
382 3846 487 3913 dicere
502 3848 620 3913 videri:
645 3845 718 3934 ἐμοὶ
734 3847 795 3933 μὲν
809 3841 865 3913 οὖν
879 3849 960 3930 aad,
976 3869 1014 3916 ac
1029 3851 1143 3917 deinde
1158 3851 1199 3916 ad
1218 3849 1342 3931 judices

289 3952 433 4031 pergere,
466 3970 566 4034 neque
588 3969 608 4015 a
629 3952 773 4032 personis
795 3954 838 4016 ad
860 3953 948 4034 leges
969 3953 1128 4019 aberrare.
1173 3952 1235 4018 Sed
1258 3953 1342 4036 qnod

289 4053 330 4118 de
352 4054 511 4121 alterutra
533 4055 574 4118 ad
593 4054 718 4135 judiees
740 4056 944 4123 conversione
965 4057 1101 4124 molesta
1124 4043 1281 4142 disputat,
1303 4073 1342 4122 eo
