3100 4834
636 382 848 450 ..25-

214 553 308 639 culpa
324 559 410 622 certe
426 575 535 623 carere
553 556 782 622 existimentur.
804 594 846 602 -
868 557 949 621 Tum
969 576 1050 639 quae
1066 561 1267 624 accusatores

212 662 253 725 de
289 659 440 741 choragia
468 659 626 726 criminati
657 660 741 741 sint,
780 660 876 726 etiam
913 660 1094 727 narratione
1126 661 1266 742 choragi,

214 781 309 843 quam
333 781 390 828 000
413 763 566 829 habemus
589 763 641 845 (ἓξ
666 764 818 845 11-14),
850 763 898 828 010
928 765 1041 830 doctus
1064 764 1144 830 00110
1165 762 1267 828 refelli

214 868 271 931 ait.
317 867 467 931 Attamen
496 866 543 932 ita
571 866 717 947 judicare
746 866 921 941 nonlicet,
951 867 1012 932 0101
1040 885 1122 948 0000
1150 865 1268 932 1000101

213 970 279 1034 1010
318 969 451 1034 crimina
488 969 699 1051 cognovimus.
751 969 794 1033 At
831 969 997 1036 nescimus.
1046 968 1157 1052 Neque
1193 988 1267 1035 vero

214 1072 358 1137 narratio
385 1073 512 1137 videtur
534 1073 574 1136 ad
599 1071 688 1136 illum
710 1069 805 1135 finem
828 1071 908 1137 satis
930 1072 1067 1154 copiosa,
1089 1074 1146 1138 sed
1168 1072 1268 1137 maxi·

212 1193 299 1240 mam
321 1181 446 1258 partem
470 1175 545 1240 talis
568 1192 655 1254 esse,
686 1192 767 1255 quae
799 1173 970 1256 choragum
1000 1175 1090 1240 initio
1121 1173 1161 1240 ab
1183 1174 1268 1239 omni

213 1279 381 1343 exercendi
413 1278 500 1343 chari
531 1295 607 1344 cura
638 1295 672 1343 se
699 1276 891 1343 abstinuisse
914 1277 1119 1343 demonstret.
1163 1280 1269 1360 Atque

213 1381 359 1447 Blassius
389 1381 485 1446 etiam
515 1380 588 1446 illas
618 1397 731 1447 causas
754 1379 925 1445 Aristiouis
953 1386 987 1447 et
1013 1388 1190 1446 ceterorum
1212 1379 1268 1443 ho-

212 1484 333 1548 minum
357 1483 594 1550 commemorari
617 1488 870 1564 argumentatur.
916 1483 1005 1562 Quae
1034 1501 1103 1548 esse
1132 1482 1188 1546 illa
1209 1502 1269 1564 pu-

213 1593 287 1652 tare
308 1586 445 1666 videtur,
477 1604 560 1669 quae
583 1591 690 1650 orator
712 1592 868 1650 memorat
890 1585 994 1651 obiter
1015 1584 1136 1651 uerbis:
1170 1578 1219 1668 (εἴ
1236 1607 1270 1649 cc

214 1682 347 1777 ἠδίκουν
364 1739 372 1754 .
389 1738 397 1753 .
414 1681 471 1777 ,11)
501 1686 536 1753 ἐν
567 1684 681 1766 ἄλλοις
709 1684 804 1754 τισίν.
849 1688 959 1771 Neque
989 1694 1094 1755 tamen
1122 1687 1268 1757 11000110

213 1793 308 1858 modo
338 1792 503 1875 probabile
534 1797 592 1857 est.
646 1792 695 1855 Au
727 1791 942 1857 Philocratem
979 1797 1161 1857 accusatum
1196 1810 1269 1872 pra·

212 1914 345 1963 0000000
375 1894 577 1978 putabimus,
611 1901 648 1960 ut
679 1885 716 1960 00
746 1899 929 1976 enarraret,
960 1913 1042 1976 quae
1069 1894 1137 1960 sine
1168 1893 1270 1976 100100

214 2001 332 2065 damno
357 2005 389 2064 et
417 1998 591 2081 ignominia
623 1999 746 2064 0000001
777 2016 837 2063 000
869 1999 1023 2079 possent?
1054 2033 1093 2043 -
1126 1997 1270 2079 Denique

214 2122 276 2167 000
299 2120 426 2184 possum
449 2102 526 2183 quin
549 2101 671 2184 aliquid
693 2102 863 2184 proferam,
893 2101 979 2184 quod
1001 2118 1191 2184 quamquam
1214 2118 1271 2181 per

214 2226 252 2272 se
274 2204 378 2270 forsan
402 2204 489 2270 haud
518 2205 564 2270 ita
595 2205 730 2271 multum
763 2205 886 2286 valeat,
915 2223 986 2270 aum
1017 2204 1132 2269 ceteris
1162 2209 1270 2268 tamen

215 2311 420 2392 conjunctum
444 2308 583 2391 aliquam
613 2308 677 2373 vim
708 2308 826 2373 habere
857 2308 992 2374 videtur.
1037 2306 1270 2389 Harpocration

215 2411 301 2476 enim
324 2429 420 2492 quum
442 2430 468 2477 0.
483 2429 512 2476 v,
528 2405 693 2476 Διιπόλια
715 2410 893 2491 hocipsum
917 2409 1048 2475 verbum
1070 2410 1103 2474 in
1127 2409 1270 2474 oratione

214 2516 257 2578 de
280 2514 364 2580 ebor.
386 2514 450 2597 legi
472 2514 569 2593 dicat,
591 2531 649 2578 000
670 2522 777 2579 tamen
802 2530 862 2579 000
885 2512 1070 2577 invenimus
1112 2512 1162 2576 Ad
1186 2513 1270 2593 quod

216 2617 362 2683 Blassius
399 2616 583 2697 adnotavit,
626 2615 686 2682 hoc
722 2616 852 2681 verbum
889 2616 920 2679 in
958 2615 1062 2697 prima
1099 2614 1271 2697 tetralogia

216 2718 307 2802 (Ad
322 2720 356 2802 8)
386 2738 472 2799 esse,
509 2727 543 2783 et
571 2738 667 2802 quum
699 2719 932 2801 Harpocration
964 2719 1049 2783 haud
1080 2735 1154 2783 raro
1185 2717 1270 2783 lacos

216 2822 390 2890 confundat
412 2839 450 2888 ac
472 2821 650 2904 perturbet,
682 2821 777 2887 etiam
810 2823 849 2887 de
881 2821 975 2904 hujus
996 2820 1084 2887 verbi
1105 2820 1174 2886 loco
1198 2839 1269 2885 eum

216 2944 342 2992 errasse
364 2924 474 2991 videri.
516 2924 578 2990 Sed
601 2924 746 3006 equidem
769 2924 817 2990 ita
839 2924 1030 2990 censendum
1052 2929 1120 2988 tum
1143 2923 1269 2987 demum

216 3029 287 3095 1000
308 3035 396 3111 0010,
427 3029 456 3094 01
478 3027 652 3092 orationem
684 3032 783 3092 totam
815 3046 885 3093 0000
915 3027 1068 3092 traditam
1100 3030 1270 3092 constaret.

217 3131 310 3209 Quod
334 3150 430 3214 quum
454 3130 570 3195 nemini
593 3129 659 3196 fere
680 3130 842 3213 probetur,
864 3128 923 3194 bac
946 3146 1070 3210 quoque
1092 3132 1270 3195 00000100-

217 3234 265 3299 tia
288 3252 359 3300 mea
381 3235 562 3315 adjuvatur.
596 3232 703 3299 Facile
726 3231 809 3298 enim
832 3238 881 3298 001
903 3230 1269 3298 conicerehoavarbum

218 3337 252 3401 10
283 3355 322 3402 00
350 3343 444 3418 parte
474 3335 586 3415 luisse,
617 3353 680 3416 qua
702 3341 871 3401 accusatus
893 3336 933 3400 de
955 3333 1104 3418 choragia
1126 3334 1177 3399 vel
1199 3333 1271 3400 01110

219 3440 316 3506 rebus
337 3438 463 3520 publice
485 3439 641 3520 gestisse
664 3438 851 3503 defenderit.

284 3542 357 3607 Jaur
381 3560 456 3608 vero
479 3542 705 3623 investigemus
726 3559 802 3605 uum
828 3558 905 3622 para
927 3540 1080 3607 orationis
1102 3541 1272 3623 deperdita

215 3647 285 3729 jam
308 3665 328 3710 a
350 3645 445 3711 rebus
467 3644 531 3709 illis
553 3663 573 3710 a
595 3662 691 3710 causa
712 3642 825 3709 alienis
853 3644 1022 3726 inceperit,
1051 3643 1185 3726 ideoque
1216 3642 1270 3706 ubi

220 3766 297 3830 pars
320 3766 414 3830 quam
438 3766 494 3812 nas
523 3747 676 3812 habemus
706 3747 845 3826 desinat,
875 3747 1079 3813 intervallum
1108 3745 1270 3829 quoddam

220 3852 264 3916 sit
295 3859 328 3916 et
358 3856 520 3932 tamquam
550 3848 631 3914 finis.
678 3848 768 3927 Quod
798 3849 903 3932 prima
933 3850 1061 3931 quidem
1090 3848 1195 3930 specie
1224 3848 1272 3912 ita

221 3953 360 4019 videtur.
391 3956 540 4018 Attamen
558 3958 731 4018 extremam
745 3952 982 4036 paragraphum
998 3952 1178 4034 Philippius
1194 3950 1229 4032 (l.
1245 3969 1270 4013 0.

221 4076 252 4146 p.
276 4055 333 4146 31)
355 4054 609 4127 additamentum
633 4062 666 4126 et
688 4055 882 4126 subditivum
911 4074 981 4127 esse
1006 4054 1122 4123 docuit.
1166 4052 1270 4134 Quum
